3000 4868
634 346 853 413 ..63-

158 547 286 635 gaudia
309 548 438 623 differt;
466 548 499 620 7:
526 558 562 610 ut
580 549 721 631 corpus,
746 544 871 610 teneris
887 545 933 610 ita
950 566 1045 609 mens
1061 544 1192 609 infirma
1207 543 1337 630 puellis.

158 693 201 702 -
229 656 308 722 109:
334 654 409 744 quis
433 653 521 718 enim
545 673 684 735 securus
707 649 857 717 amavit?
882 652 975 738 cogit
997 657 1034 717 'et
1057 650 1224 717 absentes¹
1240 650 1338 737 plura

158 761 275 827 timere
298 760 403 827 locus.
428 799 468 806 -
498 761 573 828 lll:
599 758 733 824 Felices
755 759 828 824 illas
845 780 907 823 sua
923 780 1008 845 quas
1025 758 1220 845 praesentia
1234 761 1337 823 'nosse

161 868 300 933 crimina
324 889 406 933 vera
429 865 534 944 iubet,
558 866 653 931 facta
677 866 807 931 referre
833 877 935 933 vetat.
1206 870 1209 876 ’

270 996 310 1060 In
343 1006 494 1059 extrema
526 991 757 1076 disputatione
788 990 1014 1078 Gebhardii1)
1066 980 1338 1063 dissertationem

163 1100 367 1187 praedicare
391 1121 459 1164 non
482 1099 588 1186 piget.
636 1101 671 1176 Is
695 1099 783 1162 enim
800 1098 843 1163 de
861 1087 1119 1184 compositione,
1145 1119 1233 1185 quae
1249 1097 1339 1162 inter

159 1207 238 1273 bina
271 1204 482 1271 substantiva
506 1205 717 1292 totidemque
741 1205 911 1271 adiectiva
947 1217 1060 1271 exstat
1095 1204 1196 1270 etde
1221 1225 1338 1274 sorum

159 1296 208 1378 in'
224 1325 440 1400 pentametro
473 1312 698 1378 collocatione
733 1324 895 1378 accurate
927 1312 1070 1378 disserit.
1117 1311 1228 1377 Notas
1252 1315 1338 1397 quas

159 1420 318 1498 adhibet,
332 1403 337 1415 ’
351 1420 501 1485 breviter
530 1418 721 1506 explicabo.
768 1418 1027 1485 Substantivum
1059 1420 1160 1506 igitur
1193 1419 1338 1504 primum

159 1528 318 1616 designat
341 1528 455 1593 littera
479 1536 533 1605 ‚a‘,
557 1527 765 1593 adiectivum
789 1527 819 1592 ei
845 1526 995 1592 debitum
1013 1528 1031 1593 l.
1048 1526 1081 1612 b,
1099 1526 1241 1591 alterum
1258 1522 1339 1590 sub·

161 1636 346 1700 stantivum
379 1634 655 1713 o‚1adiectivum
686 1638 723 1716 β;
753 1647 823 1699 tum
856 1634 944 1700 linea
977 1656 1018 1700 ea
1050 1633 1157 1700 verba
1190 1644 1339 1720 separat,

160 1763 249 1829 quae
292 1743 440 1829 priorem
475 1742 681 1828 pentametri
716 1753 851 1829 partem
887 1754 1071 1827 occupant,
1107 1741 1151 1807 ab
1183 1741 1221 1806 iis
1251 1738 1340 1828 quae

160 1850 387 1936 posteriorem
410 1849 567 1936 iimplent.
613 1848 763 1912 Primum
792 1849 894 1936 igitur
922 1849 1035 1914 forma
1058 1848 1178 1936 aulssb:
1203 1871 1255 1936 ep.
1278 1849 1339 1915 IX.

162 1961 238 2023 120:
262 1957 432 2022 fortunam
457 1956 552 2021 vultu
576 1954 666 2020 fassa
690 1956 840 2059 tegendo
864 1954 982 2034 suam'‚
1014 1956 1098 2053 ‚sola
1119 1957 1153 2020 in
1177 1954 1230 2043 ep.
1254 1955 1340 2023 XVI

304 2077 320 2115 a
517 2076 533 2114 a
927 2071 944 2132 β
1023 2061 1040 2115 b

641 2083 659 2114 α
787 2097 794 2116 χ
1207 2097 1209 2101 «
1243 2103 1244 2106 ,

163 2140 226 2202 252
259 2145 388 2200 exstat:
422 2156 442 2197 a
473 2132 587 2198 verbis
612 2132 720 2211 iacies
744 2127 884 2204 dissidet
908 2135 971 2200 ista
995 2135 1081 2203 suis’.
1112 2133 1236 2212 Quod
1264 2134 1338 2221 dig-

160 2241 333 2306 nissimum
369 2252 420 2305 est
456 2239 662 2318 observatu,
713 2234 927 2325 praesertim
950 2263 1029 2307 eum
1070 2226 1215 2307 Ovidius
1250 2242 1339 2307 hanc

164 2342 449 2434 compositionem
488 2347 520 2438 in
562 2347 686 2412 ceteris
723 2348 927 2414 carminibus
963 2349 1131 2423 rarissime
1166 2332 1340 2415 admiserit

163 2468 268 2543 atque
291 2455 343 2521 bis
367 2456 400 2520 in
424 2477 488 2522 am.
512 2453 615 2533 libris,
639 2466 691 2520 ter
714 2455 747 2533 in
771 2455 856 2532 iast;
880 2456 992 2521 sexies
1016 2456 1048 2521 in
1065 2456 1155 2533 trist3
1180 2454 1280 2521 bisin
1297 2479 1339 2522 ex

161 2564 200 2634 P.
217 2563 322 2630 libris.
359 2562 429 2629 Sed
445 2585 549 2628 unum
562 2551 603 2634 ‘ut
620 2562 778 2650 equidem
793 2576 876 2649 puto
894 2564 1090 2651 exemplum
1106 2563 1339 2640 Gebhardium

161 2672 257 2758 sugit,
289 2671 382 2758 quod
412 2670 592 2756 plurimum
619 2671 710 2735 valet
731 2671 767 2734 in
785 2683 936 2736 nostram
953 2692 1108 2749 causam3
1133 2671 1166 2736 in
1182 2693 1235 2758 ep,
1252 2671 1339 2736 enim

160 2778 285 2847 XVIII.
322 2780 382 2844 146
419 2778 545 2843 eadem
576 2778 687 2856 forma
725 2778 886 2844 occurrit:
925 2778 1118 2865 gloriaque*
1135 2790 1187 2844 est
1216 2791 1339 2866 stagno

161 2885 314 2973 quolibet
346 2886 412 2949 ista
440 2886 569 2955 minor‘.
614 2885 705 2964 Tum
736 2885 758 2955 f.
785 2883 887 2972 balda
919 2884 1043 2974 legitur
1074 2889 1205 2951 tantum
1229 2887 1262 2953 in
1287 2908 1338 2973 ep.

164 2991 289 3058 dubiis:
315 2992 374 3059 IX.
393 2996 466 3068 116,
491 2994 569 3063 XII.
591 3000 670 3071 196,
698 2991 792 3062 XIV.
811 2993 852 3056 34
878 3005 983 3075 -et
1005 2994 1038 3058 in
1064 3015 1118 3081 ep.
1144 2992 1236 3061 XVI.
1254 3001 1338 3060 226:

269 3099 384 3164 nescio
409 3119 477 3186 quo
502 3100 600 3163 tellus
624 3121 678 3164 me
702 3111 796 3165 tenet
819 3100 894 3188 ipsa
918 3100 1044 3167 modo‘.

266 3205 304 3274 Ii.
325 3205 473 3292 bufali,
506 3214 597 3292 quae
626 3206 659 3270 in
690 3206 846 3271 omnibus
878 3207 952 3271 fere
987 3208 1138 3293 epistulis
1162 3229 1269 3295 usque
1293 3208 1338 3273 ad

163 3336 217 3400 ep.
234 3313 329 3382 XIV.
353 3312 507 3380 adhibita
531 3297 608 3396 est,¹
637 3314 670 3376 in
705 3315 828 3379 nostris
861 3315 1012 3400 epistulis
1045 3316 1237 3402 exemplum
1271 3337 1339 3381 non

166 3420 278 3488 habet.
303 3420 340 3488 F.
365 3420 469 3508 alssbo
493 3421 525 3485 in
550 3420 622 3485 aliis
647 3420 852 3486 carminibus
876 3433 928 3486 ter
944 3434 1074 3488 tantum
1090 3423 1211 3509 posita,
1236 3435 1339 3510 atque

162 3526 214 3593 bis
238 3529 270 3592 in
296 3551 350 3614 ep.
375 3550 418 3592 ex
441 3527 479 3592 P.
520 3527 623 3592 semel
648 3528 680 3591 in
705 3550 769 3594 am.
786 3528 898 3607 libris,
923 3530 955 3594 in
979 3552 1022 3617 ep
1056 3530 1187 3598 XVIII.
1213 3532 1254 3596 94
1279 3530 1340 3595 ad·

162 3634 269 3701 hibita
293 3649 356 3702 est:
380 3635 583 3722 fiammaque
609 3657 673 3700 non
698 3635 762 3701 fiat
786 3637 931 3724 frigidus
955 3638 1009 3702 illa
1034 3637 1137 3703 cinis‘.
1171 3676 1212 3684 -

272 3742 363 3807 Fieri
400 3763 536 3830 quoque
572 3754 698 3829 potest,
734 3744 827 3830 quod
862 3756 1004 3809 testatur
1039 3744 1267 3823 Gebhardius,
1305 3759 1339 3811 ut

164 3861 231 3915 tres
269 3873 372 3916 voces
404 3862 483 3914 ante.
516 3871 708 3928 caesuram,
740 3872 807 3914 una
838 3864 916 3937 post
948 3873 1021 3915 eam
1055 3853 1167 3918 locum
1202 3853 1339 3940 capiant

164 3957 278 4043 ,quod‘
295 3956 513 4023 Gebhardius
530 3957 648 4044 inquit,
665 3958 824 4034 ,omnium
841 3954 875 4023 et
889 3959 1092 4024 rarissimum
1106 3971 1139 4024 et
1155 3960 1339 4045 pessimum

166 4076 218 4128 est
242 4085 305 4130 nec
329 4085 472 4150 usquam
497 4065 557 4128 nisi
580 4064 786 4129 necessitate
811 4067 907 4130 metri
933 4066 985 4130 vel
1011 4067 1170 4131 novitatis
1193 4067 1339 4154 aucupio

164 4170 219 4236 vel
249 4171 349 4236 limae
381 4171 508 4237 incuria
542 4171 702 4237 effectum
735 4180 809 4238 est‘.
862 4173 938 4238 Hac
967 4172 1055 4238 enim
1079 4174 1188 4260 figura
1212 4172 1339 4239 Tibulli

273 4335 299 4396 l)
318 4331 359 4386 De
377 4330 486 4398 Tibulli,
505 4331 648 4400 Propertii,
668 4331 758 4387 Ovidii
777 4331 908 4387 distichis.
927 4331 991 4388 diss.
1010 4333 1163 4405 Regimont.
1185 4334 1262 4390 1870.
