3000 4868
276 1465 314 1532 P.
342 1463 488 1529 Ovidius
505 1463 602 1527 Naso
616 1475 698 1549 octo
715 1483 757 1525 ex
775 1460 926 1546 epistulis
943 1457 1039 1544 quae'
1055 1455 1157 1521 hodie
1181 1457 1350 1542 leguntur,

168 1594 206 1636 se
232 1573 474 1658 conscripsisse
498 1572 530 1634 in
555 1591 708 1634 amorum
733 1569 819 1632 libro
843 1565 995 1631 secundo
1020 1586 1122 1631 carm.
1144 1565 1180 1626 18
1206 1564 1279 1649 ipse
1296 1563 1348 1625 his

174 1679 286 1743 verbis
310 1691 471 1765 testatur:
497 1702 528 1742 v.
546 1681 605 1742 21:

262 1786 346 1864 ‚Aut
371 1785 463 1872 quod
487 1785 679 1870 Penelopes
704 1783 816 1847 verbis
841 1779 1005 1846 reddatur
1028 1780 1131 1856 Ulixi,

261 1893 447 1958 Scribimus
472 1905 505 1957 et
529 1893 696 1968 lacrimas,
720 1889 833 1977 Phylli
857 1889 986 1965 relicta,
1010 1899 1103 1961 tuas3

260 2000 367 2076 Quod
391 2001 487 2064 Paris
513 2011 546 2064 et
570 1999 754 2062 Macareus
779 2009 812 2060 et
836 1996 930 2082 quod
954 1994 1040 2059 male
1064 2005 1183 2080 gratus
1206 1992 1288 2078 Jaso

261 2108 509 2193 Hippolytique
533 2128 658 2192 parens
683 2104 960 2190 Hippolytusque
984 2102 1111 2188 legant,

261 2215 436 2301 Quodque
461 2226 581 2278 tenens
605 2213 760 2276 strictum
785 2211 875 2275 Dido
900 2209 1226 2282 miserabilisensem,

263 2321 376 2398 Dicat,
401 2332 434 2384 et
459 2320 601 2384 Aeoliae
625 2319 747 2383 Lesbis
771 2320 881 2383 amica
906 2318 1024 2404 lyrae.‘

277 2426 395 2504 Quare
428 2427 592 2513 epistulas
624 2447 712 2512 quae
745 2426 989 2490 inscribuntur:
1038 2425 1211 2510 Penelope
1243 2423 1346 2501 Ulixi,

171 2533 300 2622 Phyllis
336 2534 608 2620 Demophoonti,
645 2533 787 2598 Oenone
824 2531 955 2609 Paridi,
993 2531 1132 2596 Canace
1168 2532 1346 2608 Macareo,

170 2641 362 2728 Hypsipyle
400 2640 536 2726 Jasoni,
573 2638 724 2704 Ariadne
761 2639 916 2722 Theseo,
950 2638 1109 2702 Phaedra
1145 2639 1345 2725 Hippolyt0,

170 2748 261 2812 Dido
287 2749 446 2824 Aeneae,
471 2747 614 2833 Sappho
638 2747 769 2810 Phaoni
793 2745 837 2810 ab
863 2745 987 2811 Ovidio
1012 2748 1157 2832 scriptas
1182 2767 1256 2810 esse
1279 2768 1345 2831 pro

170 2867 265 2918 certo
289 2854 483 2919 habendum
509 2866 568 2919 est.
615 2854 685 2918 Sed
709 2855 775 2917 iam
800 2854 962 2940 Sapphus
996 2855 1175 2940 epistulam
1205 2855 1345 2940 periisse

172 2975 205 3025 et
242 2984 317 3024 eam
354 2983 441 3046 quae
477 2961 574 3025 nobis
610 2962 735 3025 tradita
771 2963 832 3038 sit,
867 2962 1044 3026 imitatoris
1069 2962 1245 3027 cuiusdam
1270 2982 1345 3026 esse

170 3070 258 3131 inter
283 3089 398 3132 omnes
429 3070 503 3133 fere
538 3069 628 3132 viros
659 3069 781 3133 doctos
815 3081 959 3134 constat.
996 3069 1130 3134 Omissa
1154 3069 1256 3156 igitur
1280 3071 1344 3134 hac

173 3175 317 3260 epistula
341 3187 490 3252 restant,
523 3198 610 3261 quae
634 3177 667 3238 in
691 3175 851 3240 Merkelii
877 3177 1024 3247 editione
1050 3177 1163 3246 locum
1187 3177 1343 3262 primum,

170 3283 367 3359 secundum,
393 3296 559 3367 quartum,
584 3283 749 3368 quintum,
775 3296 920 3360 sextum,
945 3285 1137 3369 septimum,
1162 3285 1342 3369 decimum,

170 3390 389 3453 undecimum
421 3401 556 3466 tenent,
591 3411 676 3474 quas
708 3391 871 3475 epistulas
903 3412 984 3454 vere
1016 3390 1129 3454 Ovidii
1154 3414 1227 3455 esse
1253 3393 1344 3457 nullo

169 3509 324 3582 tempore
360 3498 537 3582 quisquam
576 3518 772 3582 persuasum
803 3520 871 3562 non
906 3498 1041 3576 habuit,
1078 3511 1216 3585 praeter
1240 3522 1342 3564 unum

171 3603 353 3667 Lehrsium
365 3612 398 3684 ¹),
424 3605 480 3688 qui
497 3625 636 3689 prorsus
651 3626 768 3668 omnes
781 3605 943 3690 epistulas
955 3605 1080 3670 Ovidio
1097 3606 1343 3671 abiudicandas

172 3732 246 3774 esse
271 3712 424 3777 cemsuit.
472 3711 651 3775 Difficilior
675 3713 739 3775 iam
765 3733 818 3776 res
843 3725 894 3776 est
918 3713 961 3777 de
987 3715 1120 3785 ceteris,
1144 3715 1205 3778 sed
1230 3727 1342 3779 tamen

170 3839 213 3880 ex
237 3818 299 3880 illis
323 3839 378 3902 ep.
394 3817 451 3895 ΙΙΙ,
469 3817 560 3903 VIII,
578 3818 639 3896 lX,
656 3819 732 3895 XII,
756 3818 849 3896 XIII,
870 3819 958 3882 XIV
985 3821 1107 3884 iudicio
1136 3822 1216 3886 satis
1247 3835 1341 3886 certo

170 3924 235 3987 hoc
259 3936 415 4010 ternpore
433 3925 557 3990 Ovidio
575 3924 822 3991 adscribuntur.
848 3926 940 3991 Nam
957 3939 1076 3991 contra
1093 3927 1341 4014 Lachmanni2)

280 4069 302 4135 1)
321 4066 464 4121 Lehrsius:
503 4068 571 4135 „Die
589 4073 777 4136 sogeuanuteu
796 4068 970 4124 Ovsidisuhen
990 4070 1142 4124 Heroiden“
1161 4071 1189 4124 in
1209 4072 1338 4126 editione:

171 4156 221 4223 Qu.
242 4157 373 4211 Horatius
392 4157 511 4226 Flaccus,
531 4157 602 4226 Lips.
619 4159 687 4214 1869
705 4175 731 4227 p.
745 4161 806 4215 225.

275 4247 303 4314 2)
322 4247 363 4300 De
381 4245 469 4300 Ovidii
488 4247 611 4316 epistulis
630 4250 658 4301 in
677 4248 765 4303 indice
784 4249 928 4304 lectionum
948 4250 1037 4304 Berol.
1057 4250 1153 4304 aestiv.
1173 4266 1198 4304 a.
1212 4251 1281 4305 1848
1300 4251 1342 4306 vel

169 4335 197 4392 in
216 4336 267 4391 vol.
281 4336 310 4390 II
329 4335 488 4407 scriptorum
505 4337 648 4406 minorum,
668 4338 709 4392 ed.
729 4338 843 4406 Vahlen,
861 4339 951 4394 Berol.
968 4339 1044 4396 1876.
