3000 4868
641 290 863 365 *ll-²

161 487 248 553 duos
271 485 376 553 libros
386 491 423 572 l),
447 511 535 575 quae
560 490 593 553 in
618 488 737 553 codice
762 488 911 574 quodam
929 485 1138 553 Farnesiano
1163 485 1341 554 invenitur.

162 595 233 660 Sed
257 596 341 661 aliae
365 618 502 682 quoque
527 596 728 682 partitiones
750 595 954 682 Sedlmayro
979 609 1118 660 auctore
1136 610 1281 673 exstant,
1306 610 1342 660 ut

163 705 196 767 in
209 703 312 768 libros
325 716 405 780 tres,
419 715 591 789 quattuor,
605 704 754 789 quinque
766 729 774 778 3
787 705 902 789 itaque
919 705 1163 790 grammaticos
1181 705 1342 790 epistulas

164 824 267 895 prout
291 823 409 896 aptum
434 810 624 893 videbatur,
650 811 682 873 in
707 810 810 874 libros
834 810 1044 875 distribuisse
1069 824 1227 896 apparet.

271 936 368 1000 Haec
400 936 432 999 in
466 936 660 999 universum
693 937 992 1000 commemoranda
1025 948 1103 1000 sunt
1127 950 1248 1001 contra
1272 958 1342 1012 eos,

164 1044 221 1129 qui
246 1029 407 1108 Ovidium
440 1055 552 1106 aetate
583 1042 668 1105 virili
689 1042 802 1106 denuo
827 1044 1004 1107 heroidum
1030 1035 1191 1129 epistulas
1215 1057 1344 1109 retrac-

164 1162 254 1215 tatas
284 1172 358 1215 esse
383 1163 515 1236 putant.
563 1149 640 1214 Alia
667 1151 826 1214 nonnulla
849 1164 1049 1237 argumenta
1073 1152 1106 1215 in
1131 1173 1207 1215 eum
1232 1152 1343 1217 locum

165 1258 307 1323 differre
321 1258 423 1335 iuvat,
443 1280 511 1344 quo
524 1259 662 1343 proprie
676 1270 710 1321 et
723 1259 918 1322 accuratius
932 1260 975 1323 de
989 1281 1043 1344 ep.
1058 1259 1153 1323 XVI.
1169 1273 1202 1324 et
1215 1259 1343 1324 XVIII.

165 1386 294 1451 genere
324 1366 462 1448 dicendi
489 1379 522 1429 et
551 1365 793 1429 sententiarum
826 1366 955 1429 ratione
980 1379 1013 1430 et
1037 1367 1109 1430 aliis
1133 1367 1344 1453 argumentis

168 1473 336 1537 disserere
371 1495 456 1558 opus
494 1485 555 1537 est.
614 1472 716 1537 Nunc
753 1494 854 1549 vern,
894 1494 962 1558 quo
998 1474 1100 1537 modo
1136 1474 1345 1559 posteriores

172 1580 334 1664 epistulae
359 1581 439 1644 oriri
463 1581 650 1665 potuerint,
683 1580 923 1664 exponendum
948 1593 1009 1644 est.
1056 1581 1181 1644 Iterum
1206 1602 1345 1645 recurro

169 1687 213 1751 ad
237 1709 302 1751 am.
320 1690 364 1754 Il.
388 1689 441 1764 18,
475 1709 543 1774 quo
574 1687 650 1752 loco
675 1686 839 1751 Sabinum
864 1687 977 1751 Ovidii
1002 1688 1179 1772 aequalem
1206 1700 1239 1752 et
1263 1689 1346 1751 ami-

170 1815 248 1858 cum
264 1794 308 1858 ad
325 1793 411 1857 illius
427 1795 587 1858 heroidas
604 1794 837 1878 responsorias
854 1794 1030 1878 scripsisse
1048 1794 1210 1880 epistulas
1228 1808 1346 1879 aperte

169 1902 296 1967 dictum
321 1914 391 1985 est3
425 1903 640 1991 nominantur
669 1914 782 1964 autem
807 1901 991 1986 epistulae,
1025 1922 1113 1987 quae
1138 1901 1346 1986 respondent

170 2010 214 2074 ad
239 2032 293 2096 ep.
320 2012 345 2075 l.
364 2012 408 2075 ll.
427 2007 697 2084 1V.V11.XV.‚
722 2029 790 2093 qua
814 2029 851 2071 re
875 2007 1069 2095 Loersiusfl)
1094 2029 1161 2072 non
1178 2009 1250 2072 sine
1267 2030 1348 2094 qua·

169 2117 248 2181 dam
282 2119 434 2182 veritatis
466 2118 580 2203 specie
612 2117 644 2180 in
677 2115 793 2180 Sabini
826 2116 976 2202 epistulis
1006 2119 1128 2181 heroes
1162 2118 1207 2181 ad
1232 2138 1348 2181 omnes

170 2225 302 2310 priores
326 2225 489 2310 epistulas
513 2225 725 2309 rescripsisse
751 2224 942 2300 concludit,
967 2225 1069 2308 ipsius
1094 2224 1208 2288 Ovidii
1233 2224 1346 2288 verbis

172 2331 312 2396 ductus:
348 2332 389 2396 ll.
413 2333 460 2394 18.
479 2332 538 2403 27:
572 2330 696 2408 ,Quam
730 2331 797 2394 cito
830 2331 873 2395 de
905 2343 978 2394 toto
1011 2332 1108 2395 rediit
1139 2353 1233 2394 meus
1264 2330 1347 2395 orbe

172 2437 541 2524 Sabinus-Scriptaque
577 2437 718 2501 diversis
757 2438 885 2501 rettulit
924 2437 977 2500 ille
1018 2437 1131 2501 locisl'
1185 2437 1347 2502 Sabinum

173 2558 287 2608 autem
320 2545 386 2608 iam
410 2557 488 2609 ante
514 2545 627 2610 Ovidii
652 2544 804 2608 exsilium
831 2556 1000 2608 mortuum
1026 2565 1116 2621 esse,
1149 2565 1238 2609 nunc
1262 2545 1350 2609 inter

170 2673 288 2716 omnes
313 2664 457 2716 constat.
506 2651 600 2729 Quid
624 2652 726 2737 igitur
748 2652 880 2728 mirum,
904 2658 1042 2736 poetam
1060 2651 1232 2737 quendam
1248 2651 1349 2716 alium

170 2761 204 2824 id
235 2760 328 2846 quod
356 2761 533 2844 inceperat
558 2758 704 2823 Sabinus
733 2760 778 2823 ad
802 2759 903 2821 finem
927 2757 1127 2842 perduxisse
1153 2772 1187 2822 et
1211 2781 1351 2845 respon-

174 2868 282 2931 sorias
306 2867 430 2931 fecisse
456 2867 633 2952 epistulas,
658 2866 727 2929 sive
753 2886 870 2929 omnes
896 2878 929 2928 et
953 2863 1092 2928 heroum
1117 2879 1151 2928 et
1175 2867 1351 2930 heroidum

174 2975 336 3060 epistulas
368 2974 446 3038 inde
471 2972 515 3037 ab
540 2994 594 3058 ep.
612 2962 681 3036 XV
705 2974 750 3037 ad
774 2994 851 3036 eum
876 2984 1053 3036 auctorem
1077 2973 1186 3036 ret‘ers
1210 2973 1280 3037 sive
1305 2975 1350 3038 ad

173 3102 226 3166 ep.
252 3081 322 3148 XV
348 3094 381 3146 et
404 3080 510 3146 XVII
534 3081 750 3165 respondisse
774 3081 793 3142 i.
813 3092 914 3165 e.'ep.
932 3079 1019 3145 XVI
1044 3093 1077 3144 et
1101 3079 1222 3145 XVIII
1246 3081 1353 3165 scrip·

174 3189 255 3252 sisse
279 3211 356 3253 eum
380 3202 491 3274 putas.
538 3186 644 3264 Quod
668 3187 852 3250 admodum
878 3187 1056 3250 verisImile
1074 3200 1140 3270 est3
1166 3188 1252 3252 bene
1270 3209 1354 3273 quo-

176 3317 241 3381 que
268 3297 300 3358 in
325 3297 412 3360 hanc
435 3295 637 3360 sententiam
669 3295 831 3380 quadrat,
867 3294 1027 3378 epistulas
1052 3293 1141 3360 XVI
1166 3307 1200 3358 et
1224 3293 1351 3362 XVIII

176 3416 255 3488 apte
289 3424 478 3489 congruere
511 3424 587 3465 cum
620 3400 770 3486 epistulis
803 3400 1005 3487 quibusdam
1034 3401 1204 3486 prioribus
1229 3415 1262 3466 et
1286 3403 1352 3466 hac

178 3510 406 3574 concinnitate
432 3510 633 3573 imitatorem
656 3508 816 3573 indicare.
863 3507 970 3584 Quod
993 3509 1190 3594 priusquam
1214 3528 1355 3573 accura-

176 3618 243 3681 tius
267 3639 450 3702 exponam,
474 3637 587 3701 pauca
612 3615 690 3678 mihi
715 3614 862 3679 dicenda
885 3627 963 3678 sunt
989 3615 1031 3679 de
1056 3616 1129 3679 aliis
1145 3616 1354 3701 argumentis

178 3724 299 3809 quibus
331 3723 491 3809 epistulas
524 3722 612 3789 XVI
645 3734 679 3785 et
702 3721 828 3788 XVIlI
853 3721 967 3786 Ovidii
999 3744 1065 3787 non
1100 3745 1174 3787 esse
1206 3722 1354 3788 dilucide

179 3843 356 3917 appareat.

292 4090 315 4181 l)
336 4118 369 4171 H.
383 4118 421 4170 St.
435 4117 589 4184 Sedlmayr:
616 4117 646 4170 P.
660 4116 748 4170 Ovidii
773 4117 895 4171 heroides
914 4123 1045 4185 apparatu
1065 4118 1158 4172 critico
1178 4119 1310 4172 instruxit
1328 4126 1356 4172 nt

182 4207 276 4261 edidit.
315 4207 376 4261 diss.
397 4206 547 4260 Vinrlohnn.
572 4207 646 4260 1886.

288 4298 317 4365 2)
337 4295 400 4350 edit.
420 4311 535 4364 prooem.
555 4312 581 4364 p.
595 4296 638 4349 80.
