3000 4868
653 357 869 421 „15-

278 555 487 621 Gravissima
517 556 603 619 haec
633 566 710 618 sunt
735 565 936 640 argumenta
960 576 1049 640 quae
1073 554 1209 618 Riesius
1233 566 1266 618 et
1290 555 1347 640 qui

172 664 319 727 sentiunt
344 684 419 727 cum
446 685 486 726 eo
510 664 733 748 protulerunt,
758 674 795 724 ut
819 661 981 746 epistulas
1005 663 1213 746 posteriores
1229 662 1347 726 Tomis

171 772 383 856 conscriptas
414 781 448 833 et
480 770 520 833 iis
548 790 633 855 quas
657 776 761 854 potita
785 769 914 831 iuvenis
946 768 1128 845 edidisset,
1167 769 1345 833 adiunctas

171 898 244 941 esse
268 878 553 943 demonstrarent.

276 1001 347 1066 Sed
378 1002 537 1089 quoniam
568 1001 633 1064 iarn
662 1001 856 1064 accurat’us
880 1022 1050 1085 exponam
1074 1022 1134 1066 cur
1157 1003 1243 1065 haec
1267 1023 1341 1064 sen·

170 1110 276 1174 tentia
300 1109 441 1173 delendi
473 1121 639 1193 nequeat,
672 1109 818 1193 primum
842 1107 1067 1193 Zingerlius1)
1093 1107 1246 1195 Byblidis
1270 1109 1346 1193 epi-

172 1217 260 1281 stula
286 1229 366 1280 met.
384 1215 471 1279 libro
496 1215 556 1279 IX.
575 1214 749 1279 529-509
775 1217 901 1279 inserta
926 1217 1033 1280 conici
1059 1238 1159 1301 posse
1184 1216 1345 1288 affirmat,

170 1332 308 1410 poetam
333 1336 404 1386 tum
427 1344 573 1408 quoque,
599 1343 677 1386 cum
694 1334 772 1385 met.
791 1321 894 1386 libros
911 1324 1169 1408 composuisset,
1194 1323 1346 1408 epistulis

168 1430 356 1495 scribendis
381 1451 520 1515 operam
544 1430 733 1493 navavisse.
781 1428 883 1504 Quae
908 1451 978 1506 res,
1008 1443 1044 1493 ut
1069 1431 1226 1517 equidem
1250 1441 1345 1515 puto,

169 1559 231 1622 per
266 1559 302 1600 se
337 1558 404 1601 non
436 1537 575 1603 multum
610 1537 719 1612 valet,
754 1557 830 1599 cum
862 1537 946 1600 haec
979 1537 1124 1621 epistula
1157 1550 1191 1601 et
1223 1538 1347 1622 exiguo

139 1690 142 1697 -
170 1666 327 1708 versuum
362 1666 503 1709 numero
537 1657 571 1707 et
601 1656 709 1708 metro
741 1643 784 1707 ab
817 1665 877 1720 eu,
909 1665 977 1729 quo
1008 1645 1173 1730 epistulae
1197 1645 1347 1730 scriptae

169 1763 257 1828 sunt,
274 1753 410 1816 diverso
428 1750 472 1815 ab
490 1751 711 1837 epistularum
728 1773 855 1837 genere
874 1752 1014 1814 multum
1032 1752 1148 1827 distet3
1166 1764 1346 1837 praeterea

170 1882 212 1923 ex
236 1859 511 1923 adversariorum
536 1859 686 1942 ipsorum
705 1859 827 1922 iudicio
846 1870 980 1922 constat
997 1860 1203 1945 posteriores
1221 1860 1347 1944 epistu-

170 1966 218 2031 las
251 1966 373 2030 eodem
407 1978 560 2051 tempore
591 1987 658 2050 quo
684 1966 849 2050 epistulae
874 1988 917 2029 ex
942 1965 1053 2031 Ponto
1078 1967 1225 2052 scriptae
1249 1980 1346 2030 erant

174 2074 283 2137 editas
307 2094 393 2149 esse,
419 2085 497 2136 met.
522 2085 634 2135 autem
661 2071 823 2136 librorum
848 2086 981 2158 partem
1005 2074 1153 2158 priorem
1177 2075 1243 2137 iam
1267 2087 1346 2137 ante

170 2181 306 2243 exilium
332 2179 521 2264 perlectam
547 2191 580 2242 et
604 2191 824 2243 retractatam
849 2202 933 2244 esse.

277 2286 419 2349 Maioris
449 2299 562 2349 autem
597 2287 757 2350 momenti
790 2300 858 2369 est,
894 2287 987 2373 quod
1011 2286 1153 2351 Ovidius
1177 2308 1344 2372 nusquam

168 2395 200 2457 in
240 2392 446 2457 carminibus
484 2392 728 2478 posterioribus
765 2395 970 2458 mentionem
1006 2394 1090 2459 facit
1125 2394 1345 2479 epistularum

168 2500 362 2577 heroidum,
395 2501 488 2587 quod
520 2522 586 2564 non
617 2501 842 2588 neglexisset,
875 2502 902 2564 si
935 2502 1055 2565 eodem
1086 2502 1159 2565 lere
1192 2514 1345 2587 tempore

168 2609 330 2694 epistulas
369 2608 576 2694 scripsisset;
615 2621 718 2694 atque
758 2609 943 2673 rectissime
984 2609 1147 2673 iudicavit
1187 2608 1243 2673 W.
1267 2609 1346 2672 Zin-

167 2717 332 2801 gerliusr)
357 2715 519 2800 epistulas
550 2717 815 2802 haudquaquam
847 2715 1012 2781 benevole
1037 2730 1202 2802 exceptas
1226 2739 1301 2780 esse
1325 2739 1353 2779 a·

169 2823 372 2908 legentibus.
420 2821 522 2899 Quae
547 2845 625 2887 cum
649 2824 696 2886 ita
720 2825 800 2900 sint,
832 2824 906 2909 quis
931 2825 1062 2908 estqui
1087 2835 1195 2908 putet,
1220 2824 1345 2889 Ovidio

170 2932 203 2993 in
236 2930 286 2993 his
318 2930 488 3015 epistulis,
521 2952 610 3016 quae
643 2931 754 3014 potius
786 2932 956 2994 rhetorum
992 2931 1197 3017 discipulum
1221 2932 1345 2995 decent

170 3049 242 3099 tum
277 3057 354 3099 cum
386 3037 470 3100 virili
506 3050 618 3101 aetate
651 3051 729 3100 met.
766 3037 868 3101 libros
901 3051 935 3101 et
970 3038 1036 3101 alia
1068 3038 1217 3102 carmina
1253 3059 1346 3102 conr-

170 3157 333 3228 poneret,
373 3145 494 3207 iterum
534 3145 665 3208 venisse
701 3145 734 3207 in
770 3157 938 3219 mentem,
979 3146 1043 3209 hoc
1080 3145 1224 3209 iuvenile
1260 3167 1345 3230 opus

171 3250 350 3336 repetere?
385 3251 571 3328 Quomodo
602 3252 673 3314 fieri
705 3253 834 3336 potuit,
872 3263 908 3314 ut
939 3260 1043 3337 poeta
1074 3253 1225 3317 carmina
1257 3273 1345 3336 quae

171 3357 291 3421 nullius
328 3358 397 3421 sere
433 3359 533 3444 pretii
564 3357 680 3422 habita
717 3371 813 3422 erant
846 3370 967 3443 postea
1001 3380 1094 3423 more
1125 3382 1145 3423 a
1176 3357 1345 3445 prioribus

171 3465 322 3549 epistulis
345 3465 481 3529 diverso
503 3479 743 3550 componeret3
770 3488 846 3529 nam
864 3467 897 3530 in
913 3467 1157 3552 posterioribus
1175 3480 1208 3530 et
1224 3468 1345 3531 heroes

171 3572 324 3636 scribunt
348 3585 382 3636 et
399 3574 555 3638 heroides
572 3574 714 3638 heroum
731 3575 881 3659 epistulis
898 3575 1124 3660 respondent;
1148 3596 1216 3660 quo
1241 3596 1345 3660 porro

171 3681 244 3744 iure
268 3680 329 3743 has
354 3681 518 3766 epistulas
542 3681 626 3746 libro
651 3682 836 3768 adiungere
860 3683 987 3768 potuit,
1016 3704 1117 3768 quem
1141 3683 1212 3767 ipse
1237 3682 1346 3746 heroi-

172 3788 253 3851 dum
286 3785 408 3852 librum
439 3789 460 3851 i.
478 3810 507 3852 e.
540 3789 759 3874 epistularum
791 3790 931 3868 librum,
963 3811 1047 3876 quas
1076 3790 1253 3866 heroides,
1278 3810 1344 3853 non

172 3896 314 3972 heroeS,
345 3895 514 3974 scribunt,
546 3896 765 3960 nominabat?
798 3896 938 3975 Addas,
970 3899 1064 3984 quod
1097 3898 1255 3962 heroides
1284 3919 1344 3961 sex

173 4001 308 4066 ultimae
333 4024 457 4088 magno
482 4025 640 4067 versuum
658 4025 808 4080 numer0,
833 4004 1042 4070 exuberante
1059 4006 1207 4092 quadam
1228 4005 1346 4091 loqua-

282 4271 307 4337 1)
328 4269 536 4338 Untersuehung
555 4285 603 4323 zur
622 4269 844 4339 ththoitsfrage
863 4287 888 4339 p.
901 4273 927 4325 2.

280 4363 308 4425 2)
328 4359 392 4413 ibid.
411 4376 436 4427 p.
448 4360 472 4413 2.
