3000 4868
578 310 800 376 ,25-

100 509 134 572 in
159 507 327 573 ducentos
352 529 506 596 quosque
530 529 649 573 versus
673 529 777 572 unum
802 508 873 572 eius
897 508 988 572 modi
1013 507 1115 572 cadat
1139 529 1279 594 exemp-

100 618 180 680 lum.
227 615 356 681 Contra
382 627 494 680 exstat
519 616 551 679 in
576 616 659 679 trist.
684 614 777 679 libris
801 615 905 679 vicies
931 614 1002 691 bis,
1031 615 1063 678 in
1089 635 1142 700 ep.
1167 613 1278 680 dubiis

100 723 358 811 quaterdecieS‚
391 724 423 786 in
457 744 512 808 ep.
544 744 586 786 ex
615 722 783 786 P.'vicies
806 720 868 787 bis.
916 723 1037 809 ltaque
1061 733 1158 786 terna
1181 722 1278 786 huius

99 831 235 918 generis
268 830 427 916 exempla
460 830 619 915 leguntur
651 822 684 892 in
717 827 871 892 versibus
900 828 1052 892 ducenis.
1100 826 1154 892 Ac
1183 840 1277 893 recte

100 936 258 1024 quidem!
290 936 361 1002 Sed
385 935 489 1022 quid?
518 937 555 1001 In
580 958 633 1021 ep.
658 935 745 1001 XVI
770 948 804 1000 et
827 934 951 1002 XVIII
975 934 1055 999 solis
1078 936 1278 1001 hexameter

100 1067 168 1110 non
185 1045 293 1109 minus
310 1065 412 1130 quam
430 1044 542 1108 sexies
564 1038 698 1108 duobus
716 1042 890 1108 vocabulis
907 1042 1148 1130 monosyllabis
1165 1043 1278 1108 termi-

100 1165 209 1236 natur,
235 1173 340 1238 quare
365 1152 393 1215 si
417 1151 524 1215 Riesii
545 1151 711 1214 rationem
729 1151 911 1236 sequimur,
935 1150 990 1215 vel
1006 1151 1098 1237 quini
1114 1152 1202 1215 Inter
1217 1152 1280 1216 du·

100 1281 205 1326 cenos
245 1280 363 1323 versus
404 1259 502 1322 huius
541 1258 677 1344 generis
717 1258 905 1322 hexametri
945 1270 1090 1323 exstant.
1153 1258 1277 1323 Nonne

99 1368 203 1454 igitur
232 1378 329 1430 extra
359 1364 606 1430 dubitationem
637 1365 787 1450 positum
812 1376 879 1451 est,
911 1366 973 1430 has
998 1365 1159 1450 epistulas
1183 1377 1277 1431 certe

100 1475 216 1542 Ovidii
247 1496 314 1546 non
346 1474 443 1539 esse?
477 1473 567 1537 Nam
599 1495 641 1536 ne
667 1471 700 1535 in
723 1493 778 1557 ep.
803 1473 941 1558 quidem
966 1495 1009 1537 ex
1032 1470 1144 1537 Ponto
1169 1472 1276 1538 simile

100 1584 287 1672 quidquam
311 1582 451 1646 inveniri
475 1593 610 1667 potest3
636 1580 733 1666 elige‘
747 1600 876 1666 quaeso
892 1581 1021 1666 priores
1037 1602 1099 1645 sex
1116 1580 1277 1666 epistulas
1308 1571 1315 1591 ‘

100 1692 176 1757 libri
199 1691 309 1777 primi,
334 1710 422 1776 quae
447 1689 590 1753 totidem
614 1709 732 1753 versus
756 1688 894 1765 habent,
918 1699 1021 1774 atque
1044 1700 1182 1753 nostrae
1207 1689 1279 1775 epi·

99 1798 221 1876 stulae‚
244 1797 313 1863 duo
337 1809 469 1862 tantum
494 1797 653 1884 exempla
678 1796 839 1881 reperies.
1293 1858 1332 1889 f

208 1941 266 2006 Ad
302 1942 401 2006 aliam
443 1941 524 2005 artis
560 1941 722 2004 metricae
758 1941 1004 2026 proprietatem
1043 1940 1277 2005 illustrandam

99 2048 361 2136 adgrediamur3
387 2047 563 2135 quaeritur
588 2048 675 2111 enim
700 2047 822 2134 quibus
846 2046 1007 2132 pedibus,
1032 2067 1150 2111 versus
1173 2048 1278 2112 hexa-

101 2157 198 2220 metri
227 2168 261 2221 et
292 2155 497 2241 pentametri
523 2155 702 2240 compositi
727 2155 803 2219 sint.
852 2153 1120 2219 Observationes
1144 2155 1187 2219 de
1212 2156 1277 2220 hac

100 2285 137 2328 re
161 2257 308 2349 primum
331 2261 412 2327 fecit
437 2261 713 2342 Drobischius¹)‚
747 2261 870 2326 deinde
895 2261 1161 2349 Hultgrenus²)‚
1191 2282 1276 2348 quos

100 2371 247 2457 denique
263 2382 400 2435 secutus
417 2369 663 2454 Tolkiehnusr)
681 2358 839 2433 versuum
853 2369 983 2432 formas
1001 2362 1274 2455 quattuordecim

101 2478 321 2564 epistularum
353 2477 505 2562 priorum
535 2477 623 2541 inter
654 2497 690 2540 se
724 2488 902 2561 comparat
933 2487 968 2541 et
999 2476 1044 2540 ad
1068 2477 1158 2542 hunc
1182 2477 1275 2542 venit

100 2585 337 2672 disputationis
369 2586 514 2661 exitum,
547 2596 583 2648 ut
611 2585 698 2647 inter
722 2605 776 2669 ep.
801 2585 1073 2670 quattuordecim
1098 2584 1231 2670 priores
1254 2607 1275 2650 a

100 2693 322 2759 Lachmanno
353 2692 498 2757 reiectas
529 2703 563 2757 et
596 2713 653 2756 eas
685 2712 772 2783 quae
805 2708 900 2756 certo
924 2704 1002 2756 sunt
1024 2690 1139 2756 Ovidii
1163 2692 1276 2756 simili-

100 2799 251 2865 tudinem
292 2821 395 2887 quam
435 2800 617 2864 maximam
655 2821 731 2863 esse
762 2799 935 2864 iudicaret.
991 2797 1126 2877 Quibus
1159 2797 1276 2864 obser-

101 2908 293 2972 vationibus
324 2907 494 2972 adductus
527 2927 644 2971 ornnes
672 2928 788 2970 versus
818 2909 945 2971 lormas
969 2928 1057 2994 quae
1083 2919 1219 2971 exstant
1242 2907 1275 2972 in

101 3035 155 3101 ep.
186 3014 270 3080 XVI
293 3031 327 3078 et
351 3013 475 3081 XVIII
507 3015 682 3099 composui
714 3025 748 3077 et
777 3013 986 3078 differentias
1017 3014 1109 3079 haud
1133 3015 1275 3102 exiguas

100 3122 203 3186 statui
232 3143 334 3207 posse
366 3134 450 3208 puto
481 3123 568 3185 inter
600 3143 654 3206 ep.
686 3121 871 3186 Ovidianas
902 3133 936 3186 et
966 3134 1111 3186 nostras.
1140 3122 1274 3210 'Atque

101 3240 137 3294 ut
161 3227 205 3294 ab
229 3229 435 3294 hexametris
466 3229 641 3312 exordiar,
675 3250 793 3293 versus
823 3230 981 3294 heroicos
1011 3230 1074 3302 617
1100 3251 1154 3316 ep.
1180 3240 1274 3294 certo

99 3336 345 3404 Ovidianarum
377 3358 455 3403 cum
487 3338 551 3402 239
586 3335 738 3401 versibus
769 3359 824 3422 ep.
858 3335 947 3402 XVI
972 3350 1006 3401 et
1029 3336 1153 3405 XVIII
1185 3358 1275 3402 com·

99 3445 242 3534 parabo

205 3572 353 3637 Tabella
377 3574 478 3659 igitur
502 3572 620 3636 ultimo
643 3571 733 3657 pede
759 3572 874 3658 utique
891 3571 1016 3636 omisso
1039 3573 1125 3636 haec
1143 3584 1274 3636 exstat:

209 3950 234 4014 1)
254 3949 305 4002 uin
331 3949 514 4004 statistisohar
535 3950 654 4003 Versuch
680 3949 745 4003 libor
774 3948 816 4002 die
835 3948 949 4003 Formen
976 3948 1022 4002 das
1046 3947 1094 4002 lat.
1114 3947 1226 4001 Hexam.
1247 3947 1273 4000 iu

98 4039 167 4092 uotis
187 4053 241 4092 soc.
260 4055 315 4108 reg.
335 4056 391 4093 sax.
411 4040 537 4108 1866168.

206 4128 232 4194 2)
253 4128 462 4184 Observationes
490 4129 617 4184 metricae
643 4128 670 4182 in
696 4133 766 4198 poet.
792 4129 925 4199 elegiacos
944 4128 1037 4184 Graes.
1057 4131 1085 4182 et
1104 4126 1163 4182 Lat.
1183 4142 1274 4198 progr.

98 4216 171 4287 Lips.
193 4218 260 4273 1871
281 4234 306 4286 p.
321 4219 356 4272 26
376 4234 449 4286 sequ.

206 4309 232 4377 3]
253 4307 271 4364 l.
290 4325 313 4362 a.
330 4324 355 4377 p.
376 4309 437 4364 109.
