3000 4868
764 331 983 396 ,24-

394 527 530 608 Quibus
554 528 700 615 cognitis
724 529 837 592 statim
861 527 1077 614 intellegitur,
1102 528 1264 613 epistulas
1287 528 1465 612 suspectas

286 659 364 702 cum
394 637 549 724 genuinis
580 637 670 700 nullo
695 636 796 701 modo
821 636 1054 713 concordare,
1087 636 1148 700 sed
1178 636 1292 721 potius
1315 635 1364 700 ad
1385 648 1463 700 met.

284 745 447 811 librorum
479 756 586 809 artem
623 744 765 830 propius
802 744 979 809 accedere.
1034 746 1073 810 In
1107 744 1186 808 solis
1220 765 1274 829 ep.
1306 736 1394 809 XVI
1430 754 1464 807 et

286 853 414 920 XVIII
446 853 532 917 haec
563 852 734 916 incisionis
758 852 893 937 species
918 872 986 916 non
1010 853 1146 937 saepius
1169 852 1338 915 invenitur
1361 873 1463 938 quam

284 960 450 1025 undecies
475 959 568 1046 (43).

394 1067 474 1132 Alia
498 1065 748 1152 Eschenburgii
779 1065 974 1131 observatio
1004 1066 1048 1130 ad
1080 1087 1138 1130 eos
1165 1088 1283 1131 versus
1306 1067 1463 1152 pertinet,

284 1176 341 1261 qui
374 1175 421 1239 ita
452 1187 530 1239 sunt
560 1174 757 1259 compositi,
790 1186 827 1238 ut
853 1173 1056 1238 vocabulum
1080 1187 1237 1260 quartum
1262 1174 1462 1240 trochaeum

285 1282 438 1368 expleat;
463 1282 557 1346 cuius
581 1282 715 1368 generis
732 1280 904 1345 Eschenb.
929 1282 1019 1345 hunc
1043 1281 1204 1367 proponit
1229 1280 1399 1346 ordinem:
1424 1283 1463 1347 Iu

287 1411 318 1453 v.
354 1388 418 1454 593
454 1411 507 1475 ep.
539 1390 776 1482 Ov.db.s.b,
806 1389 838 1452 in
863 1412 893 1457 ν.
917 1390 999 1453 1209
1024 1410 1128 1453 carm.
1146 1402 1248 1454 amat.
1268 1390 1308 1461 78
1334 1411 1360 1453 s.
1378 1392 1463 1470 o,l;

283 1496 317 1559 in
343 1497 457 1560 naso
489 1509 551 1565 art.
574 1518 641 1560 am.
659 1497 686 1561 Ι.
704 1496 744 1559 28
770 1519 796 1560 s.
817 1496 901 1574 7,2;
926 1495 958 1560 in
984 1518 1038 1582 ep.
1064 1496 1225 1582 Sapphus
1253 1496 1291 1560 15
1316 1517 1341 1560 s
1364 1499 1414 1574 13,
1431 1499 1461 1561 b.

285 1602 366 1680 Quo
387 1598 521 1668 'facilius
545 1604 688 1689 quisque
712 1603 877 1690 intellegit
901 1624 1018 1668 omnes
1043 1604 1204 1689 epistulas
1220 1606 1285 1669 hac
1303 1626 1461 1668 versuum

284 1710 545 1797 pangendorum
570 1711 700 1775 ratione
726 1711 818 1775 haud
841 1712 888 1776 ita
911 1712 1052 1774 multum
1077 1712 1162 1775 inter
1186 1733 1222 1775 se
1247 1711 1397 1789 differre,
1421 1733 1463 1776 eo

286 1818 409 1882 clarius
434 1817 594 1883 eminebit
617 1818 846 1904 discrepantia
875 1819 907 1881 in
933 1840 985 1903 ep.
1011 1818 1108 1884 XVI.
1134 1830 1168 1882 et
1191 1817 1278 1885 XVI
1285 1821 1327 1886 lI.
1375 1818 1464 1884 Ver-

284 1924 364 1989 bum
396 1927 485 1990 enim
516 1938 595 2011 post
626 1938 783 2012 quartum
822 1927 1022 1991 trochaeum
1054 1926 1167 1990 finitur
1200 1927 1312 1990 sexies
1342 1927 1374 1989 in
1406 1948 1462 2011 ep.

283 2031 458 2111 XVI,‘ter
481 2034 514 2097 in
539 2054 594 2120 ep.
619 2033 755 2111 XVIII,
779 2034 873 2119 quod
897 2034 980 2098 facit
1005 2036 1024 2098 9
1049 2055 1075 2098 s.
1101 2035 1131 2110 3,
1158 2035 1187 2104 7.

391 2157 481 2224 Satis
505 2159 548 2223 de
564 2158 661 2223 Birtii
676 2170 711 2222 et
726 2157 979 2251 Eschenburgii
996 2158 1292 2224 observationibus
1314 2159 1463 2224 metricis

282 2264 408 2330 dixisse
433 2265 512 2330 mihi
538 2266 674 2342 videor,
698 2265 821 2352 quibus
847 2266 1011 2344 efficitur,
1035 2278 1072 2330 ut
1096 2280 1204 2331 artem
1228 2266 1404 2332 metricam
1427 2267 1462 2331 in

283 2394 336 2460 ep.
369 2371 458 2438 XVI
489 2386 524 2438 et
546 2371 669 2440 XVIII
699 2372 885 2438 adhibitam
917 2394 993 2462 cum
1025 2387 1216 2438 ceterarum
1240 2374 1463 2460 epistularum

196 2464 197 2467 Ἴ
284 2481 454 2567 elegantia
494 2502 705 2567 congruere,
743 2489 842 2546 nemo
883 2481 1079 2546 contendat.
1142 2481 1277 2559 Quibus
1316 2482 1463 2568 cognitis

283 2588 402 2673 paucis
437 2588 606 2675 attingere
642 2589 753 2667 iuvat,
789 2590 882 2674 quod
908 2589 949 2652 A.
967 2589 1157 2672 Riesius1),
1193 2602 1230 2653 ut
1252 2589 1462 2675 posteriores

285 2695 446 2781 epistulas
470 2717 573 2782 quam
599 2696 743 2760 maxime
768 2697 1018 2761 consentientes
1041 2697 1203 2762 redderet
1219 2696 1463 2782 cumepistulis¹

281 2802 313 2864 in
349 2800 461 2866 Ponto
496 2803 650 2888 scriptis,
687 2803 936 2872 animadvertit.
981 2794 1232 2890 Eschenburgii
1266 2804 1459 2890 exemplum

281 2923 430 2986 secutus,
446 2910 635 2974 hexametri
649 2910 777 2973 exitum
794 2909 1088 2976 observationibus
1105 2911 1283 2996 amplexus
1300 2911 1460 2976 Ovidium

283 3037 426 3102 perraro
451 3029 486 3081 et
510 3017 655 3080 maxime
680 3017 711 3080 in
737 3017 943 3082 carminibus
967 3019 1166 3104 posterioris
1190 3020 1311 3084 aetatis
1336 3041 1356 3084 a
1381 3040 1462 3083 con-

281 3125 385 3188 stanti
417 3145 479 3188 usu
511 3124 689 3188 discedere
722 3126 844 3201 docet,
877 3137 914 3189 ut
944 3127 971 3189 si
1003 3147 1121 3190 versus
1155 3127 1310 3190 heroicus
1334 3127 1367 3190 in
1391 3125 1460 3190 duo

283 3230 452 3296 vocabula
486 3230 721 3318 monosyllaba
753 3220 873 3315 exeat,
906 3232 1048 3297 verbum
1072 3234 1228 3319 proxime
1252 3234 1460 3317 antecedens

283 3340 491 3427 dactylicum
523 3340 576 3404 sit.
624 3337 673 3402 At
702 3340 737 3403 -in
771 3361 823 3425 ep.
841 3362 883 3404 ex
907 3340 1020 3407 Ponto
1052 3340 1256 3406 vocabulum
1288 3353 1367 3406 ante
1391 3340 1460 3404 duo

285 3446 530 3534 monosyllaba,
555 3469 643 3533 quae
674 3469 808 3511 versum
839 3448 1017 3526 claudunt,
1042 3470 1109 3513 una
1140 3448 1272 3535 syllaba
1297 3448 1460 3512 contineri

282 3554 450 3628 affirmat;
475 3552 531 3617 ubi
557 3567 670 3619 autem
694 3555 771 3640 lege
794 3568 931 3620 servata
953 3556 987 3619 in
1002 3555 1198 3620 heroidibus
1215 3553 1460 3641 posterioribus

285 3682 405 3725 vocem
422 3661 627 3748 dactylicam
644 3673 834 3747 anteponat
851 3663 1006 3740 Ovidius,
1030 3663 1115 3726 illius
1130 3684 1210 3727 usus
1225 3662 1459 3748 frequentiam,

285 3789 362 3833 cum
393 3768 637 3834 consuetudine
671 3777 795 3855 poetae
823 3770 929 3834 exulis
952 3770 1081 3834 facere.
1128 3768 1298 3833 Numeros
1322 3789 1460 3855 compu-

285 3876 409 3941 tandos
437 3877 599 3962 proponit
621 3877 701 3940 hos:
733 3890 845 3941 exstat
868 3878 902 3941 in
927 3875 1132 3942 carminibus
1156 3876 1329 3941 amatoriis
1354 3878 1461 3941 unde·

286 3984 367 4061 cies,
391 3984 425 4046 in
448 4005 502 4070 ep.
526 3983 680 4069 genuinis
704 3994 767 4062 ter,
792 3984 824 4047 in
848 3983 923 4047 fast.
949 3981 1039 4047 libris
1063 3982 1260 4061 duodecies,
1283 3984 1318 4047 in
1341 3996 1420 4049 met.
1439 3985 1458 4048 l.

285 4090 453 4177 sexagies.
501 4089 678 4177 Sequitur,
703 4092 730 4155 si
755 4112 912 4155 versuum
935 4111 1110 4154 numerum
1135 4112 1392 4177 comparemus,
1423 4105 1460 4157 ut

393 4323 421 4392 1)
440 4323 518 4377 Burs.
538 4323 627 4376 annu.
650 4323 766 4390 raupa
785 4339 810 4391 p.
830 4323 891 4378 234.
