3000 4868
639 340 856 403 ..10..

163 531 285 610 citate,
320 534 416 597 metri
449 546 483 597 et
512 534 657 599 elisionis
687 536 849 620 imprimis
882 536 1018 600 licentia
1044 537 1191 600 maxime
1216 537 1343 601 distant

162 663 183 705 a
206 641 397 725 prioribus,
428 662 503 706 cum
529 642 610 705 illud
633 643 746 727 potius
770 643 995 728 spectandum
1019 644 1138 720 fuerit,
1168 657 1204 708 ut
1227 657 1343 729 poste-

164 748 271 812 riores
288 749 449 832 epistulas
465 737 571 834 'quam
589 750 948 814 simillimasredderet
961 749 1145 835 prioribus.
1194 750 1343 815 Accedit

163 855 255 940 quod
292 856 379 918 hanc
410 857 593 919 novitatem
624 864 727 941 po‘e‘ta
751 857 886 952 silentio
909 857 955 920 ita
979 858 1165 941 praeterire
1189 879 1257 921 non
1281 879 1344 942 po-

164 962 300 1038 tuit,ut
324 984 495 1048 nunquam
521 964 653 1027 dehac
678 985 714 1026 re
739 964 843 1028 verba
869 963 1010 1033 faceret.

274 1086 344 1151 Sed
376 1088 440 1151 iarn
467 1078 738 1173 contemplemur
763 1089 873 1152 locum
899 1088 990 1151 illum
1015 1090 1340 1173 praestantissimum

167 1216 233 1257 am.
252 1194 291 1257 ll.
314 1195 362 1258 18.
409 1194 574 1258 Versibus
599 1196 696 1258 huius
720 1196 876 1258 carminis
901 1196 1024 1258 ultimis
1048 1195 1206 1259 Macrum
1231 1196 1344 1261 Ovidii

164 1300 317 1368 sodalem
342 1302 395 1365 vel
418 1302 450 1365 in
467 1303 573 1386 epicis
590 1301 794 1366 carminibus
812 1303 1056 1387 componendis
1072 1303 1198 1366 amoris
1215 1303 1345 1367 ludicra

166 1429 232 1471 non
257 1409 428 1492 sprevisse
454 1409 585 1485 dicitur,
610 1410 737 1495 quippe
760 1409 817 1495 qui
842 1409 884 1473 de
910 1431 1026 1473 amore
1051 1409 1196 1485 ,Paridis
1221 1422 1255 1473 et
1273 1411 1344 1474 eius

166 1514 351 1579 adulterae’
367 1516 391 1601 1)
426 1516 591 1579 scriberet
624 1528 659 1580 et
688 1517 754 1580 hac
784 1538 820 1579 re
849 1517 881 1578 in
906 1516 1020 1581 Ovidii
1045 1519 1179 1593 ,castra'
1205 1517 1343 1580 veniret.

167 1622 268 1698 Quae
293 1623 357 1686 hoc
382 1623 459 1687 loco
483 1623 526 1686 de
544 1612 668 1687 Paride
693 1637 726 1686 et
744 1623 874 1687 Helena
891 1624 984 1687 dicta
1001 1635 1079 1686 sunt
1095 1623 1344 1703 Tolkiehnus2)

165 1729 210 1793 ad
242 1751 295 1815 ep.
320 1729 416 1794 XVI.
451 1731 564 1794 Ovidii
597 1731 769 1815 pertinere
799 1744 933 1807 censet,
966 1732 1046 1817 quia
1077 1753 1144 1795 vox
1169 1730 1346 1808 ,adultera'

166 1838 222 1900 vix
247 1838 368 1901 referri
393 1839 499 1923 possit
523 1839 568 1902 ad
591 1837 769 1913 Oenonen,
794 1838 980 1923 legitimam
998 1836 1129 1902 Paridis
1153 1838 1345 1922 coniugem,

166 1946 199 2008 in
224 1967 277 2030 ep.
296 1944 357 2022 V.,
382 1945 443 2009 sed
467 1946 511 2009 ad
536 1946 702 2009 Helenam
726 1958 873 2030 spectet,
898 1967 986 2031 quae
1011 1943 1188 2021 ,adultera’·
1212 1945 1345 2008 disertis

167 2052 280 2116 verbis
313 2053 507 2138 appelletur
539 2054 570 2115 in
604 2075 658 2138 ep.
690 2051 787 2116 XVt.
834 2052 904 2116 Sed
939 2053 1131 2116 coniectura
1165 2052 1250 2115 haec
1283 2063 1344 2126 est,

170 2159 240 2222 sine
266 2160 332 2223 ulla
357 2161 508 2223 veritatis
532 2160 659 2244 specie.
707 2160 788 2236 Qua
806 2161 892 2224 euim
910 2161 1038 2223 ratione
1056 2159 1123 2222 hoc
1140 2157 1342 2222 vocabulum

168 2248 329 2330 Ovidium
368 2289 408 2330 ea
452 2267 495 2330 de
529 2289 632 2331 causa
677 2289 859 2353 usurpasse
894 2266 1042 2352 intellegi
1078 2277 1229 2351 pot-est,
1253 2265 1347 2350 quod

168 2374 241 2459 ipse
264 2375 307 2438 de
330 2374 391 2437 illis
413 2374 585 2438 amoribus
602 2376 636 2437 in
652 2375 803 2460 epistuls
819 2372 1031 2459 scripsisset?
1056 2371 1172 2459 Atque
1189 2384 1346 2458 apparet,

170 2502 248 2545 cum
272 2481 392 2545 Macer
417 2503 553 2545 carmen
578 2483 712 2567 epicum
738 2482 984 2566 composuerit,
1009 2481 1041 2543 in
1067 2502 1134 2565 quo
1158 2478 1290 2542 Paridis
1315 2492 1349 2542 et

171 2587 323 2652 Helenae
363 2610 513 2653 amorem
553 2589 740 2674 praecipue
781 2587 1041 2652 commemorari
1083 2591 1225 2650 necesse
1266 2599 1349 2663 erat,

170 2695 335 2758 Helenam
360 2697 550 2760 adulteram
575 2696 874 2783 perstringendam
902 2695 1025 2770 fuisse,
1058 2714 1135 2757 cum
1160 2693 1264 2778 ipsius
1288 2693 1349 2756 ad-

171 2803 291 2868 ulterio
316 2803 459 2880 bellum,
493 2804 585 2889 quod
609 2803 732 2867 Macer
765 2801 947 2878 describit,
977 2800 1152 2864 exarserit.
1174 2858 1177 2862 Α
1200 2799 1349 2864 Accedit

171 2912 265 2996 quod
289 2911 363 2996 ipsa
387 2912 420 2973 in
436 2933 499 2996 ep.
517 2911 571 2987 V,
596 2933 698 2996 quam
722 2910 837 2995 paullo
861 2921 963 2972 antea
975 2908 1001 2993 ³)
1020 2908 1163 2973 Ovidius
1187 2907 1259 2992 ipse
1277 2890 1348 2970 ‘sibi

172 3018 425 3094 vindicaverat,
466 3018 597 3082 Helena
640 3039 706 3081 non
743 3017 850 3080 solum
887 3017 1011 3080 coniux
1047 3015 1179 3100 perfida
1224 3014 1348 3077 diserte
1456 3034 1460 3038 ·

171 3125 380 3210 appellatur,
414 3126 476 3189 sed
506 3126 579 3210 ipsa
612 3146 697 3188 voce
730 3121 905 3202 ,adultera’
941 3123 973 3186 in
1007 3122 1134 3186 v.125:
1169 3121 1221 3196 ,sit
1244 3119 1349 3184 facies

173 3233 327 3317 quamvis
363 3232 519 3317 insignis,
556 3232 710 3296 adultera
751 3242 843 3294 certe
880 3229 941 3293 est’
978 3228 1186 3315 designatur.
1244 3226 1348 3290 Nulla

172 3340 274 3425 igitur
297 3361 334 3403 re
359 3353 395 3402 ut
420 3360 539 3402 versus
564 3350 725 3424 quattuor
749 3338 883 3402 ultimos
906 3359 972 3400 am.
990 3336 1029 3399 II.
1052 3336 1089 3398 18
1107 3335 1151 3399 ad
1169 3333 1347 3418 epistulam

174 3446 270 3510 XVI.
295 3437 491 3521 referamus,
515 3447 728 3510 adducimur.

283 3572 408 3636 Restat
432 3586 468 3635 ut
492 3573 584 3636 aliud
608 3584 861 3657 argumentum,
885 3570 978 3655 quod
1001 3524 1151 3633 nonnblli
1175 3579 1211 3630 ut
1235 3580 1349 3651 poste-

174 3684 281 3747 riores
307 3680 466 3766 epistulas
492 3680 604 3745 Ovidii
630 3700 705 3742 esse
730 3678 853 3742 exsulis
878 3674 1119 3762 comprobent,
1151 3673 1348 3749 attulerunt,

175 3790 292 3877 quanti
316 3789 357 3852 sit
381 3788 479 3873 pretii
504 3787 695 3860 discamus3
726 3786 804 3850 dico
829 3784 1050 3869 epistularum
1074 3781 1290 3866 partitionem
1314 3779 1346 3842 in

176 3956 307 3963 .-›-.—---
316 3955 372 3962 .—---
378 3954 385 3959 -

284 4061 310 4122 1)
330 4073 381 4110 am.
401 4056 437 4108 Π.
458 4058 499 4108 18.
520 4057 562 4108 37.
583 4060 612 4108 et
631 4053 667 4106 Π.
689 4054 729 4107 18.
749 4054 793 4106 40.
1236 4096 1238 4101 .

283 4150 310 4216 2)
330 4145 515 4213 quaestionum
535 4144 568 4197 ad
587 4142 711 4197 heroidas
731 4142 779 4196 Or.
799 4141 982 4209 spectantium
1002 4137 1092 4206 capita
1111 4137 1173 4191 VII.
1193 4135 1256 4190 diss.
1276 4135 1348 4203 Lips.

176 4242 247 4296 1883
266 4255 292 4306 p.
314 4239 354 4290 13.

283 4324 558 4394 aemssfflw
