<?xml version="1.0" encoding="UTF-8"?>
<!DOCTYPE html PUBLIC "-//W3C//DTD XHTML 1.0 Transitional//EN"
    "http://www.w3.org/TR/xhtml1/DTD/xhtml1-transitional.dtd">
<html xmlns="http://www.w3.org/1999/xhtml" xml:lang="en" lang="en">
 <head>
  <title>
</title>
<meta http-equiv="Content-Type" content="text/html;charset=utf-8" />
  <meta name='ocr-system' content='tesseract 3.04.00' />
  <meta name='ocr-capabilities' content='ocr_page ocr_carea ocr_par ocr_line ocrx_word'/>
</head>
<body>
  <div class='ocr_page' id='page_1' title='image "./helenaeetheruse00leyhgoog_0063.png"; bbox 0 0 3000 4868; ppageno 0'>
   <div class='ocr_carea' id='block_1_1' title="bbox 634 306 854 370">
    <p class='ocr_par' dir='ltr' id='par_1_1' title="bbox 634 306 854 370">
     <span class='ocr_line' id='line_1_1' title="bbox 634 306 854 370; baseline 0.009 -17"><span class='ocrx_word' id='word_1_1' title='bbox 634 306 854 370; x_wconf 67' lang='lat'><strong>-58.-</strong></span> 
     </span>
    </p>
   </div>
   <div class='ocr_carea' id='block_1_2' title="bbox 157 500 1331 694">
    <p class='ocr_par' dir='ltr' id='par_1_2' title="bbox 157 500 1331 694">
     <span class='ocr_line' id='line_1_2' title="bbox 157 500 1331 591; baseline 0.002 -27"><span class='ocrx_word' id='word_1_2' title='bbox 157 500 191 564; x_wconf 86' lang='lat' dir='ltr'><strong>al</strong></span> <span class='ocrx_word' id='word_1_3' title='bbox 218 501 374 588; x_wconf 89' lang='lat' dir='ltr'><strong>quotiens</strong></span> <span class='ocrx_word' id='word_1_4' title='bbox 390 500 516 587; x_wconf 86' lang='lat' dir='ltr'><strong>digitis,</strong></span> <span class='ocrx_word' id='word_1_5' title='bbox 541 502 697 588; x_wconf 89' lang='lat' dir='ltr'><strong>quotiens</strong></span> <span class='ocrx_word' id='word_1_6' title='bbox 714 524 780 589; x_wconf 87' lang='lat' dir='ltr'><strong>ego</strong></span> <span class='ocrx_word' id='word_1_7' title='bbox 799 514 892 568; x_wconf 87' lang='lat' dir='ltr'><strong>tecta</strong></span> <span class='ocrx_word' id='word_1_8' title='bbox 908 503 1022 568; x_wconf 91' lang='lat' dir='ltr'><strong>notavi</strong></span> <span class='ocrx_word' id='word_1_9' title='bbox 1040 542 1081 549; x_wconf 90' lang='lat'><strong>-—</strong></span> <span class='ocrx_word' id='word_1_10' title='bbox 1102 503 1201 591; x_wconf 76' lang='lat' dir='ltr'><strong>sigpa</strong></span> <span class='ocrx_word' id='word_1_11' title='bbox 1216 524 1331 589; x_wconf 86' lang='lat' dir='ltr'><strong>super-</strong></span> 
     </span>
     <span class='ocr_line' id='line_1_3' title="bbox 158 607 724 694; baseline 0.005 -24"><span class='ocrx_word' id='word_1_12' title='bbox 158 607 232 671; x_wconf 92' lang='lat' dir='ltr'><strong>cilio</strong></span> <span class='ocrx_word' id='word_1_13' title='bbox 256 630 367 693; x_wconf 93' lang='lat' dir='ltr'><strong>paene</strong></span> <span class='ocrx_word' id='word_1_14' title='bbox 391 609 550 694; x_wconf 88' lang='lat' dir='ltr'>loquente</span> <span class='ocrx_word' id='word_1_15' title='bbox 575 609 659 673; x_wconf 89' lang='lat' dir='ltr'><strong>dari.</strong></span> <span class='ocrx_word' id='word_1_16' title='bbox 686 648 724 655; x_wconf 92' lang='lat'><em>-</em></span> 
     </span>
    </p>
   </div>
   <div class='ocr_carea' id='block_1_3' title="bbox 158 734 1406 1034">
    <p class='ocr_par' dir='ltr' id='par_1_3' title="bbox 158 734 1406 1034">
     <span class='ocr_line' id='line_1_4' title="bbox 265 734 1406 821; baseline 0.002 -24"><span class='ocrx_word' id='word_1_17' title='bbox 265 755 329 797; x_wconf 90' lang='lat' dir='ltr'><strong>am.</strong></span> <span class='ocrx_word' id='word_1_18' title='bbox 355 734 379 797; x_wconf 94' lang='grc' dir='ltr'><strong>Ι.</strong></span> <span class='ocrx_word' id='word_1_19' title='bbox 405 736 435 797; x_wconf 90' lang='grc'><strong>4.</strong></span> <span class='ocrx_word' id='word_1_20' title='bbox 460 735 517 799; x_wconf 82' lang='lat'><strong>31:</strong></span> <span class='ocrx_word' id='word_1_21' title='bbox 619 781 627 798; x_wconf 95' lang='lat'><strong>.</strong></span> <span class='ocrx_word' id='word_1_22' title='bbox 652 755 718 821; x_wconf 90' lang='lat' dir='ltr'><strong>ego</strong></span> <span class='ocrx_word' id='word_1_23' title='bbox 750 734 878 819; x_wconf 90' lang='lat' dir='ltr'><strong>primus</strong></span> <span class='ocrx_word' id='word_1_24' title='bbox 901 735 1026 821; x_wconf 90' lang='lat' dir='ltr'><strong>pocula</strong></span> <span class='ocrx_word' id='word_1_25' title='bbox 1050 757 1180 799; x_wconf 88' lang='lat' dir='ltr'><strong>sumam</strong></span> <span class='ocrx_word' id='word_1_26' title='bbox 1206 747 1240 798; x_wconf 89' lang='lat' dir='ltr'><strong>et</strong></span> <span class='ocrx_word' id='word_1_27' title='bbox 1264 756 1332 820; x_wconf 91' lang='lat' dir='ltr'><strong>qua</strong></span> <span class='ocrx_word' id='word_1_28' title='bbox 1402 799 1406 806; x_wconf 77' lang='grc'><em>,</em></span> 
     </span>
     <span class='ocr_line' id='line_1_5' title="bbox 158 839 1332 928; baseline 0.001 -24"><span class='ocrx_word' id='word_1_29' title='bbox 158 853 194 905; x_wconf 92' lang='lat' dir='ltr'><strong>tu</strong></span> <span class='ocrx_word' id='word_1_30' title='bbox 227 839 367 918; x_wconf 89' lang='lat' dir='ltr'><strong>biberis,</strong></span> <span class='ocrx_word' id='word_1_31' title='bbox 404 842 469 906; x_wconf 89' lang='lat' dir='ltr'><strong>hac</strong></span> <span class='ocrx_word' id='word_1_32' title='bbox 504 862 569 928; x_wconf 88' lang='lat' dir='ltr'><strong>ego</strong></span> <span class='ocrx_word' id='word_1_33' title='bbox 601 853 699 926; x_wconf 89' lang='lat' dir='ltr'><strong>parte</strong></span> <span class='ocrx_word' id='word_1_34' title='bbox 732 840 862 916; x_wconf 84' lang='lat' dir='ltr'><strong>bibam3</strong></span> <span class='ocrx_word' id='word_1_35' title='bbox 894 864 924 906; x_wconf 87' lang='lat' dir='ltr'><strong>a.</strong></span> <span class='ocrx_word' id='word_1_36' title='bbox 957 864 987 905; x_wconf 90' lang='lat' dir='ltr'><strong>a.</strong></span> <span class='ocrx_word' id='word_1_37' title='bbox 1021 844 1047 909; x_wconf 91' lang='lat' dir='ltr'><strong>I.</strong></span> <span class='ocrx_word' id='word_1_38' title='bbox 1081 841 1332 923; x_wconf 48' lang='lat' dir='ltr'><strong>SioyPocnla,</strong></span> 
     </span>
     <span class='ocr_line' id='line_1_6' title="bbox 158 946 807 1034; baseline 0.002 -23"><span class='ocrx_word' id='word_1_39' title='bbox 158 969 294 1034; x_wconf 92' lang='lat' dir='ltr'><strong>quaque</strong></span> <span class='ocrx_word' id='word_1_40' title='bbox 319 947 404 1013; x_wconf 90' lang='lat' dir='ltr'><strong>bibit</strong></span> <span class='ocrx_word' id='word_1_41' title='bbox 427 960 526 1033; x_wconf 88' lang='lat' dir='ltr'><strong>parte</strong></span> <span class='ocrx_word' id='word_1_42' title='bbox 550 949 674 1033; x_wconf 90' lang='lat' dir='ltr'><strong>puella,</strong></span> <span class='ocrx_word' id='word_1_43' title='bbox 698 946 807 1014; x_wconf 86' lang='lat' dir='ltr'><strong>bibas.</strong></span> 
     </span>
    </p>
   </div>
   <div class='ocr_carea' id='block_1_4' title="bbox 159 1074 1342 4386">
    <p class='ocr_par' dir='ltr' id='par_1_4' title="bbox 265 1074 992 1160">
     <span class='ocr_line' id='line_1_7' title="bbox 265 1074 992 1160; baseline 0.001 -23"><span class='ocrx_word' id='word_1_44' title='bbox 265 1095 320 1158; x_wconf 87' lang='lat' dir='ltr'><strong>ep.</strong></span> <span class='ocrx_word' id='word_1_45' title='bbox 346 1074 402 1144; x_wconf 83' lang='lat'><strong>79:</strong></span> <span class='ocrx_word' id='word_1_46' title='bbox 428 1074 530 1138; x_wconf 91' lang='lat' dir='ltr'><strong>modo</strong></span> <span class='ocrx_word' id='word_1_47' title='bbox 554 1075 679 1160; x_wconf 92' lang='lat' dir='ltr'><strong>pocula</strong></span> <span class='ocrx_word' id='word_1_48' title='bbox 703 1075 860 1160; x_wconf 87' lang='lat' dir='ltr'><strong>proxima</strong></span> <span class='ocrx_word' id='word_1_49' title='bbox 885 1074 992 1140; x_wconf 92' lang='lat' dir='ltr'><strong>nobis.</strong></span> 
     </span>
    </p>

    <p class='ocr_par' dir='ltr' id='par_1_5' title="bbox 265 1180 1124 1272">
     <span class='ocr_line' id='line_1_8' title="bbox 265 1180 1124 1272; baseline 0 -27"><span class='ocrx_word' id='word_1_50' title='bbox 265 1181 378 1257; x_wconf 91' lang='lat' dir='ltr'><strong>sumis,</strong></span> <span class='ocrx_word' id='word_1_51' title='bbox 403 1202 538 1268; x_wconf 90' lang='lat' dir='ltr'><strong>quaque</strong></span> <span class='ocrx_word' id='word_1_52' title='bbox 564 1180 643 1257; x_wconf 91' lang='lat' dir='ltr'><strong>bibi,</strong></span> <span class='ocrx_word' id='word_1_53' title='bbox 668 1193 705 1245; x_wconf 90' lang='lat' dir='ltr'><strong>tu</strong></span> <span class='ocrx_word' id='word_1_54' title='bbox 729 1203 866 1272; x_wconf 86' lang='lat' dir='ltr'><strong>quoque</strong></span> <span class='ocrx_word' id='word_1_55' title='bbox 891 1193 1000 1267; x_wconf 89' lang='lat' dir='ltr'><strong>parte,</strong></span> <span class='ocrx_word' id='word_1_56' title='bbox 1026 1181 1124 1246; x_wconf 89' lang='lat' dir='ltr'><strong>bibis.</strong></span> 
     </span>
    </p>

    <p class='ocr_par' dir='ltr' id='par_1_6' title="bbox 265 1288 1332 1375">
     <span class='ocr_line' id='line_1_9' title="bbox 265 1288 1332 1375; baseline -0.001 -23"><span class='ocrx_word' id='word_1_57' title='bbox 265 1311 295 1352; x_wconf 90' lang='lat' dir='ltr'><strong>a.</strong></span> <span class='ocrx_word' id='word_1_58' title='bbox 320 1311 351 1352; x_wconf 92' lang='lat' dir='ltr'><strong>a.</strong></span> <span class='ocrx_word' id='word_1_59' title='bbox 376 1289 400 1352; x_wconf 89' lang='lat'><strong>1.</strong></span> <span class='ocrx_word' id='word_1_60' title='bbox 427 1290 508 1360; x_wconf 74' lang='lat'><strong>072:</strong></span> <span class='ocrx_word' id='word_1_61' title='bbox 548 1290 577 1352; x_wconf 89' lang='lat' dir='ltr'><strong>ei</strong></span> <span class='ocrx_word' id='word_1_62' title='bbox 610 1290 689 1353; x_wconf 91' lang='lat' dir='ltr'><strong>mihi</strong></span> <span class='ocrx_word' id='word_1_63' title='bbox 721 1290 910 1366; x_wconf 86' lang='lat' dir='ltr'><strong>rusticitas,</strong></span> <span class='ocrx_word' id='word_1_64' title='bbox 941 1310 1008 1353; x_wconf 92' lang='lat' dir='ltr'><strong>non</strong></span> <span class='ocrx_word' id='word_1_65' title='bbox 1040 1289 1151 1375; x_wconf 93' lang='lat' dir='ltr'><strong>pudor</strong></span> <span class='ocrx_word' id='word_1_66' title='bbox 1182 1289 1236 1353; x_wconf 92' lang='lat' dir='ltr'><strong>ille</strong></span> <span class='ocrx_word' id='word_1_67' title='bbox 1262 1288 1332 1352; x_wconf 89' lang='lat' dir='ltr'><strong>suit.</strong></span> 
     </span>
    </p>

    <p class='ocr_par' dir='ltr' id='par_1_7' title="bbox 266 1397 1333 1483">
     <span class='ocr_line' id='line_1_10' title="bbox 266 1397 1333 1483; baseline 0 -23"><span class='ocrx_word' id='word_1_68' title='bbox 266 1418 320 1481; x_wconf 91' lang='lat' dir='ltr'><strong>ep.</strong></span> <span class='ocrx_word' id='word_1_69' title='bbox 351 1398 406 1460; x_wconf 81' lang='lat'><strong>13:</strong></span> <span class='ocrx_word' id='word_1_70' title='bbox 431 1397 556 1461; x_wconf 91' lang='lat' dir='ltr'><strong>rustica</strong></span> <span class='ocrx_word' id='word_1_71' title='bbox 581 1397 642 1460; x_wconf 91' lang='lat' dir='ltr'><strong>sim</strong></span> <span class='ocrx_word' id='word_1_72' title='bbox 667 1419 763 1474; x_wconf 92' lang='lat' dir='ltr'><strong>sane,</strong></span> <span class='ocrx_word' id='word_1_73' title='bbox 788 1397 869 1462; x_wconf 91' lang='lat' dir='ltr'><strong>dum</strong></span> <span class='ocrx_word' id='word_1_74' title='bbox 894 1419 961 1462; x_wconf 92' lang='lat' dir='ltr'><strong>non</strong></span> <span class='ocrx_word' id='word_1_75' title='bbox 986 1397 1089 1463; x_wconf 90' lang='lat' dir='ltr'><strong>oblita</strong></span> <span class='ocrx_word' id='word_1_76' title='bbox 1114 1397 1265 1483; x_wconf 89' lang='lat' dir='ltr'><strong>pudoris.</strong></span> <span class='ocrx_word' id='word_1_77' title='bbox 1295 1434 1333 1443; x_wconf 93' lang='lat'>-</span> 
     </span>
    </p>

    <p class='ocr_par' dir='ltr' id='par_1_8' title="bbox 159 1504 1334 1911">
     <span class='ocr_line' id='line_1_11' title="bbox 266 1504 1334 1590; baseline -0.004 -20"><span class='ocrx_word' id='word_1_78' title='bbox 266 1504 364 1570; x_wconf 91' lang='lat' dir='ltr'><strong>Illam</strong></span> <span class='ocrx_word' id='word_1_79' title='bbox 398 1526 535 1590; x_wconf 88' lang='lat' dir='ltr'><strong>quoque</strong></span> <span class='ocrx_word' id='word_1_80' title='bbox 575 1505 786 1590; x_wconf 88' lang='lat' dir='ltr'><strong>opinionem,</strong></span> <span class='ocrx_word' id='word_1_81' title='bbox 824 1504 954 1569; x_wconf 88' lang='lat' dir='ltr'><strong>nefario</strong></span> <span class='ocrx_word' id='word_1_82' title='bbox 985 1527 1102 1569; x_wconf 91' lang='lat' dir='ltr'><strong>amore</strong></span> <span class='ocrx_word' id='word_1_83' title='bbox 1128 1504 1251 1569; x_wconf 90' lang='lat' dir='ltr'><strong>bellum</strong></span> <span class='ocrx_word' id='word_1_84' title='bbox 1275 1525 1334 1566; x_wconf 80' lang='lat' dir='ltr'><strong>ex-</strong></span> 
     </span>
     <span class='ocr_line' id='line_1_12' title="bbox 159 1610 1334 1698; baseline -0.002 -22"><span class='ocrx_word' id='word_1_85' title='bbox 159 1611 273 1688; x_wconf 88' lang='lat' dir='ltr'><strong>citari,</strong></span> <span class='ocrx_word' id='word_1_86' title='bbox 320 1633 423 1698; x_wconf 90' lang='lat' dir='ltr'><strong>quam</strong></span> <span class='ocrx_word' id='word_1_87' title='bbox 455 1611 597 1697; x_wconf 86' lang='lat' dir='ltr'><strong>legimus</strong></span> <span class='ocrx_word' id='word_1_88' title='bbox 629 1633 681 1697; x_wconf 93' lang='lat' dir='ltr'><strong>ep.</strong></span> <span class='ocrx_word' id='word_1_89' title='bbox 714 1611 809 1678; x_wconf 73' lang='lat' dir='ltr'><strong>XVI.</strong></span> <span class='ocrx_word' id='word_1_90' title='bbox 836 1613 915 1683; x_wconf 79' lang='lat'><strong>247:</strong></span> <span class='ocrx_word' id='word_1_91' title='bbox 956 1633 1010 1688; x_wconf 90' lang='lat' dir='ltr'><strong>,an</strong></span> <span class='ocrx_word' id='word_1_92' title='bbox 1042 1611 1115 1676; x_wconf 89' lang='lat' dir='ltr'><strong>fera</strong></span> <span class='ocrx_word' id='word_1_93' title='bbox 1155 1610 1334 1677; x_wconf 83' lang='lat' dir='ltr'><strong>Centauris</strong></span> 
     </span>
     <span class='ocr_line' id='line_1_13' title="bbox 159 1717 1333 1806; baseline 0 -24"><span class='ocrx_word' id='word_1_94' title='bbox 159 1719 308 1784; x_wconf 84' lang='lat' dir='ltr'><strong>indic&#39;ere</strong></span> <span class='ocrx_word' id='word_1_95' title='bbox 333 1717 421 1783; x_wconf 92' lang='lat' dir='ltr'><strong>bella</strong></span> <span class='ocrx_word' id='word_1_96' title='bbox 446 1719 559 1806; x_wconf 72' lang='lat' dir='ltr'><strong>coegit</strong></span> <span class='ocrx_word' id='word_1_97' title='bbox 580 1717 718 1783; x_wconf 87' lang='lat' dir='ltr'><strong>Atracis</strong></span> <span class='ocrx_word' id='word_1_98' title='bbox 742 1719 950 1784; x_wconf 89' lang='lat' dir='ltr'><strong>Haemonios</strong></span> <span class='ocrx_word' id='word_1_99' title='bbox 967 1719 1198 1804; x_wconf 82' lang='lat' dir='ltr'><strong>Hippodamia</strong></span> <span class='ocrx_word' id='word_1_100' title='bbox 1222 1718 1333 1782; x_wconf 87' lang='lat' dir='ltr'><strong>viros‘.</strong></span> 
     </span>
     <span class='ocr_line' id='line_1_14' title="bbox 160 1825 1211 1911; baseline 0.002 -22"><span class='ocrx_word' id='word_1_101' title='bbox 160 1826 341 1911; x_wconf 86' lang='lat' dir='ltr'><strong>repetitam</strong></span> <span class='ocrx_word' id='word_1_102' title='bbox 365 1825 520 1890; x_wconf 86' lang='lat' dir='ltr'><strong>videmus</strong></span> <span class='ocrx_word' id='word_1_103' title='bbox 544 1826 577 1889; x_wconf 94' lang='lat' dir='ltr'><strong>in</strong></span> <span class='ocrx_word' id='word_1_104' title='bbox 602 1826 722 1890; x_wconf 91' lang='lat' dir='ltr'><strong>eodem</strong></span> <span class='ocrx_word' id='word_1_105' title='bbox 746 1846 900 1889; x_wconf 93' lang='lat' dir='ltr'><strong>amorum</strong></span> <span class='ocrx_word' id='word_1_106' title='bbox 923 1825 1021 1891; x_wconf 93' lang='lat' dir='ltr'><strong>libro.</strong></span> <span class='ocrx_word' id='word_1_107' title='bbox 1069 1829 1093 1894; x_wconf 94' lang='lat' dir='ltr'><strong>I.</strong></span> <span class='ocrx_word' id='word_1_108' title='bbox 1119 1828 1149 1890; x_wconf 92' lang='grc'><strong>4.</strong></span> <span class='ocrx_word' id='word_1_109' title='bbox 1177 1826 1211 1897; x_wconf 85' lang='grc'><strong>7;</strong></span> 
     </span>
    </p>

    <p class='ocr_par' dir='ltr' id='par_1_9' title="bbox 267 1915 1048 2019">
     <span class='ocr_line' id='line_1_15' title="bbox 267 1915 1048 2019; baseline 0 -22"><span class='ocrx_word' id='word_1_110' title='bbox 267 1915 383 1997; x_wconf 86' lang='lat' dir='ltr'><strong>desine</strong></span> <span class='ocrx_word' id='word_1_111' title='bbox 408 1933 520 1996; x_wconf 91' lang='lat' dir='ltr'><strong>mirari</strong></span> <span class='ocrx_word' id='word_1_112' title='bbox 543 1935 656 2018; x_wconf 92' lang='lat' dir='ltr'><strong>posito</strong></span> <span class='ocrx_word' id='word_1_113' title='bbox 680 1932 772 2019; x_wconf 91' lang='lat' dir='ltr'><strong>quod</strong></span> <span class='ocrx_word' id='word_1_114' title='bbox 797 1933 944 1998; x_wconf 92' lang='lat' dir='ltr'><strong>candida</strong></span> <span class='ocrx_word' id='word_1_115' title='bbox 970 1933 1048 1997; x_wconf 93' lang='lat' dir='ltr'><strong>vino</strong></span> 
     </span>
    </p>

    <p class='ocr_par' dir='ltr' id='par_1_10' title="bbox 266 2037 1127 2125">
     <span class='ocr_line' id='line_1_16' title="bbox 266 2037 1127 2125; baseline 0.002 -23"><span class='ocrx_word' id='word_1_116' title='bbox 266 2037 416 2103; x_wconf 87' lang='lat' dir='ltr'><strong>Altracis</strong></span> <span class='ocrx_word' id='word_1_117' title='bbox 439 2037 617 2125; x_wconf 84' lang='lat' dir='ltr'><strong>ambiguos</strong></span> <span class='ocrx_word' id='word_1_118' title='bbox 641 2039 743 2104; x_wconf 85' lang='lat' dir='ltr'><strong>traxit</strong></span> <span class='ocrx_word' id='word_1_119' title='bbox 767 2040 800 2102; x_wconf 94' lang='lat' dir='ltr'><strong>in</strong></span> <span class='ocrx_word' id='word_1_120' title='bbox 824 2061 919 2104; x_wconf 90' lang='lat' dir='ltr'><strong>arma</strong></span> <span class='ocrx_word' id='word_1_121' title='bbox 942 2040 1054 2104; x_wconf 87' lang='lat' dir='ltr'><strong>viros‘.</strong></span> <span class='ocrx_word' id='word_1_122' title='bbox 1124 2088 1127 2095; x_wconf 80' lang='grc'><strong>.</strong></span> 
     </span>
    </p>

    <p class='ocr_par' dir='ltr' id='par_1_11' title="bbox 160 2143 1335 2437">
     <span class='ocr_line' id='line_1_17' title="bbox 269 2143 1335 2233; baseline 0 -25"><span class='ocrx_word' id='word_1_123' title='bbox 269 2145 370 2210; x_wconf 89' lang='lat' dir='ltr'><strong>Adde</strong></span> <span class='ocrx_word' id='word_1_124' title='bbox 395 2145 488 2233; x_wconf 94' lang='lat' dir='ltr'><strong>quod</strong></span> <span class='ocrx_word' id='word_1_125' title='bbox 513 2145 636 2232; x_wconf 85' lang='lat' dir='ltr'><strong>legitur</strong></span> <span class='ocrx_word' id='word_1_126' title='bbox 653 2145 685 2208; x_wconf 91' lang='lat' dir='ltr'><strong>in</strong></span> <span class='ocrx_word' id='word_1_127' title='bbox 702 2168 766 2213; x_wconf 90' lang='lat' dir='ltr'><strong>am.</strong></span> <span class='ocrx_word' id='word_1_128' title='bbox 792 2149 837 2214; x_wconf 91' lang='lat' dir='ltr'><strong>II.</strong></span> <span class='ocrx_word' id='word_1_129' title='bbox 859 2149 908 2211; x_wconf 84' lang='lat'><strong>12.</strong></span> <span class='ocrx_word' id='word_1_130' title='bbox 930 2148 1005 2211; x_wconf 68' lang='lat'><strong>1912</strong></span> <span class='ocrx_word' id='word_1_131' title='bbox 1031 2145 1158 2210; x_wconf 87' lang='lat' dir='ltr'><strong>femina</strong></span> <span class='ocrx_word' id='word_1_132' title='bbox 1175 2143 1335 2208; x_wconf 86' lang='lat' dir='ltr'><strong>silvestris</strong></span> 
     </span>
     <span class='ocr_line' id='line_1_18' title="bbox 161 2248 1335 2339; baseline -0.003 -21"><span class='ocrx_word' id='word_1_133' title='bbox 161 2252 328 2339; x_wconf 90' lang='lat' dir='ltr'><strong>Lapithas</strong></span> <span class='ocrx_word' id='word_1_134' title='bbox 359 2252 591 2339; x_wconf 84' lang='lat' dir='ltr'><strong>populumque</strong></span> <span class='ocrx_word' id='word_1_135' title='bbox 621 2252 797 2318; x_wconf 85' lang='lat' dir='ltr'><strong>biformem</strong></span> <span class='ocrx_word' id='word_1_136' title='bbox 832 2254 976 2339; x_wconf 89' lang='lat' dir='ltr'><strong>turpiter</strong></span> <span class='ocrx_word' id='word_1_137' title='bbox 999 2276 1020 2317; x_wconf 99' lang='lat' dir='ltr'><strong>a</strong></span> <span class='ocrx_word' id='word_1_138' title='bbox 1043 2248 1154 2338; x_wconf 88' lang='lat' dir='ltr'><strong>posito</strong></span> <span class='ocrx_word' id='word_1_139' title='bbox 1178 2252 1278 2316; x_wconf 89' lang='lat' dir='ltr'><strong>vertit</strong></span> <span class='ocrx_word' id='word_1_140' title='bbox 1301 2251 1335 2315; x_wconf 92' lang='lat' dir='ltr'><strong>in</strong></span> 
     </span>
     <span class='ocr_line' id='line_1_19' title="bbox 160 2368 395 2437; baseline 0 -12"><span class='ocrx_word' id='word_1_141' title='bbox 160 2383 255 2425; x_wconf 91' lang='lat' dir='ltr'><strong>arma</strong></span> <span class='ocrx_word' id='word_1_142' title='bbox 279 2368 395 2437; x_wconf 90' lang='lat' dir='ltr'><strong>mero‘,</strong></span> 
     </span>
    </p>

    <p class='ocr_par' dir='ltr' id='par_1_12' title="bbox 160 2460 1336 2768">
     <span class='ocr_line' id='line_1_20' title="bbox 192 2460 1334 2554; baseline -0.004 -22"><span class='ocrx_word' id='word_1_143' title='bbox 192 2460 195 2465; x_wconf 53' lang='grc'>’</span> <span class='ocrx_word' id='word_1_144' title='bbox 269 2467 346 2532; x_wconf 84' lang='lat' dir='ltr'><strong>Alia</strong></span> <span class='ocrx_word' id='word_1_145' title='bbox 359 2467 505 2554; x_wconf 91' lang='lat' dir='ltr'><strong>denique</strong></span> <span class='ocrx_word' id='word_1_146' title='bbox 517 2489 604 2553; x_wconf 91' lang='lat' dir='ltr'><strong>quae</strong></span> <span class='ocrx_word' id='word_1_147' title='bbox 619 2467 685 2530; x_wconf 90' lang='lat' dir='ltr'><strong>iarn</strong></span> <span class='ocrx_word' id='word_1_148' title='bbox 701 2489 817 2552; x_wconf 93' lang='lat' dir='ltr'><strong>supra,</strong></span> <span class='ocrx_word' id='word_1_149' title='bbox 841 2488 919 2532; x_wconf 93' lang='lat' dir='ltr'><strong>cum</strong></span> <span class='ocrx_word' id='word_1_150' title='bbox 936 2467 979 2532; x_wconf 91' lang='lat' dir='ltr'><strong>de</strong></span> <span class='ocrx_word' id='word_1_151' title='bbox 996 2466 1158 2532; x_wconf 89' lang='lat' dir='ltr'><strong>similibus</strong></span> <span class='ocrx_word' id='word_1_152' title='bbox 1176 2487 1334 2530; x_wconf 87' lang='lat' dir='ltr'><strong>versuum</strong></span> 
     </span>
     <span class='ocr_line' id='line_1_21' title="bbox 160 2572 1336 2660; baseline -0.002 -21"><span class='ocrx_word' id='word_1_153' title='bbox 160 2575 282 2640; x_wconf 90' lang='lat' dir='ltr'><strong>finibus</strong></span> <span class='ocrx_word' id='word_1_154' title='bbox 306 2574 412 2640; x_wconf 89' lang='lat' dir='ltr'><strong>verba</strong></span> <span class='ocrx_word' id='word_1_155' title='bbox 436 2576 598 2652; x_wconf 82' lang='lat' dir='ltr'><strong>facerem,</strong></span> <span class='ocrx_word' id='word_1_156' title='bbox 624 2576 905 2651; x_wconf 87' lang='lat' dir='ltr'><strong>commemoravi,</strong></span> <span class='ocrx_word' id='word_1_157' title='bbox 931 2597 972 2638; x_wconf 90' lang='lat' dir='ltr'><strong>ex</strong></span> <span class='ocrx_word' id='word_1_158' title='bbox 997 2573 1149 2660; x_wconf 87' lang='lat' dir='ltr'><strong>epistulis</strong></span> <span class='ocrx_word' id='word_1_159' title='bbox 1172 2572 1336 2659; x_wconf 90' lang='lat' dir='ltr'><strong>imprimis</strong></span> 
     </span>
     <span class='ocr_line' id='line_1_22' title="bbox 162 2680 1252 2768; baseline -0.006 -18"><span class='ocrx_word' id='word_1_160' title='bbox 162 2683 214 2750; x_wconf 95' lang='lat' dir='ltr'><strong>IV</strong></span> <span class='ocrx_word' id='word_1_161' title='bbox 240 2695 273 2747; x_wconf 91' lang='lat' dir='ltr'><strong>et</strong></span> <span class='ocrx_word' id='word_1_162' title='bbox 298 2681 331 2746; x_wconf 96' lang='lat' dir='ltr'>V</span> <span class='ocrx_word' id='word_1_163' title='bbox 358 2683 466 2768; x_wconf 91' lang='lat' dir='ltr'><strong>petita</strong></span> <span class='ocrx_word' id='word_1_164' title='bbox 491 2703 564 2747; x_wconf 89' lang='lat' dir='ltr'><strong>esse</strong></span> <span class='ocrx_word' id='word_1_165' title='bbox 590 2681 756 2746; x_wconf 89' lang='lat' dir='ltr'><strong>videntur.</strong></span> <span class='ocrx_word' id='word_1_166' title='bbox 804 2681 1046 2746; x_wconf 88' lang='lat' dir='ltr'><strong>Similitudines</strong></span> <span class='ocrx_word' id='word_1_167' title='bbox 1069 2680 1252 2767; x_wconf 87' lang='lat' dir='ltr'><strong>praebent:</strong></span> 
     </span>
    </p>

    <p class='ocr_par' dir='ltr' id='par_1_13' title="bbox 162 2787 1336 3091">
     <span class='ocr_line' id='line_1_23' title="bbox 272 2787 1336 2876; baseline -0.003 -22"><span class='ocrx_word' id='word_1_168' title='bbox 272 2811 327 2876; x_wconf 92' lang='lat' dir='ltr'><strong>ep.</strong></span> <span class='ocrx_word' id='word_1_169' title='bbox 353 2789 416 2856; x_wconf 90' lang='lat' dir='ltr'><strong>IV.</strong></span> <span class='ocrx_word' id='word_1_170' title='bbox 442 2791 498 2855; x_wconf 74' lang='lat'><strong>03:</strong></span> <span class='ocrx_word' id='word_1_171' title='bbox 533 2791 598 2854; x_wconf 92' lang='lat' dir='ltr'><strong>hoc</strong></span> <span class='ocrx_word' id='word_1_172' title='bbox 631 2810 767 2876; x_wconf 89' lang='lat' dir='ltr'><strong>quoque</strong></span> <span class='ocrx_word' id='word_1_173' title='bbox 797 2788 899 2852; x_wconf 85' lang='lat' dir='ltr'><strong>fatale</strong></span> <span class='ocrx_word' id='word_1_174' title='bbox 932 2801 992 2853; x_wconf 62' lang='lat' dir='ltr'><strong>est.</strong></span> <span class='ocrx_word' id='word_1_175' title='bbox 1048 2787 1182 2854; x_wconf 87' lang='lat' dir='ltr'><strong>Placuit</strong></span> <span class='ocrx_word' id='word_1_176' title='bbox 1214 2788 1336 2852; x_wconf 92' lang='lat' dir='ltr'><strong>domus</strong></span> 
     </span>
     <span class='ocr_line' id='line_1_24' title="bbox 162 2896 1336 2982; baseline -0.003 -21"><span class='ocrx_word' id='word_1_177' title='bbox 162 2920 228 2961; x_wconf 92' lang='lat' dir='ltr'><strong>una</strong></span> <span class='ocrx_word' id='word_1_178' title='bbox 259 2896 391 2961; x_wconf 92' lang='lat' dir='ltr'><strong>duabus</strong></span> <span class='ocrx_word' id='word_1_179' title='bbox 415 2934 456 2943; x_wconf 94' lang='lat'>—</span> <span class='ocrx_word' id='word_1_180' title='bbox 482 2919 535 2960; x_wconf 91' lang='lat' dir='ltr'><strong>me</strong></span> <span class='ocrx_word' id='word_1_181' title='bbox 560 2909 618 2960; x_wconf 91' lang='lat' dir='ltr'><strong>tua</strong></span> <span class='ocrx_word' id='word_1_182' title='bbox 642 2897 753 2960; x_wconf 76' lang='lat' dir='ltr'><strong>forma</strong></span> <span class='ocrx_word' id='word_1_183' title='bbox 779 2897 879 2981; x_wconf 90' lang='lat' dir='ltr'><strong>capit.</strong></span> <span class='ocrx_word' id='word_1_184' title='bbox 928 2908 1031 2982; x_wconf 89' lang='lat' dir='ltr'><strong>capta</strong></span> <span class='ocrx_word' id='word_1_185' title='bbox 1055 2908 1198 2982; x_wconf 90' lang='lat' dir='ltr'><strong>parente</strong></span> <span class='ocrx_word' id='word_1_186' title='bbox 1222 2915 1336 2970; x_wconf 84' lang='lat' dir='ltr'><strong>sor0r3</strong></span> 
     </span>
     <span class='ocr_line' id='line_1_25' title="bbox 163 3002 598 3091; baseline -0.007 -22"><span class='ocrx_word' id='word_1_187' title='bbox 163 3026 217 3091; x_wconf 87' lang='lat' dir='ltr'><strong>ep.</strong></span> <span class='ocrx_word' id='word_1_188' title='bbox 243 3002 345 3070; x_wconf 89' lang='lat' dir='ltr'>XVI:</span> <span class='ocrx_word' id='word_1_189' title='bbox 373 3004 436 3070; x_wconf 87' lang='grc'><strong>180</strong></span> <span class='ocrx_word' id='word_1_190' title='bbox 459 3015 493 3067; x_wconf 90' lang='lat' dir='ltr'><strong>et</strong></span> <span class='ocrx_word' id='word_1_191' title='bbox 521 3004 598 3068; x_wconf 83' lang='lat'>182:</span> 
     </span>
    </p>

    <p class='ocr_par' dir='ltr' id='par_1_14' title="bbox 272 3110 1105 3198">
     <span class='ocr_line' id='line_1_26' title="bbox 272 3110 1105 3198; baseline -0.005 -20"><span class='ocrx_word' id='word_1_192' title='bbox 272 3114 381 3198; x_wconf 88' lang='lat' dir='ltr'><strong>Inque</strong></span> <span class='ocrx_word' id='word_1_193' title='bbox 407 3111 515 3175; x_wconf 90' lang='lat' dir='ltr'><strong>vicem</strong></span> <span class='ocrx_word' id='word_1_194' title='bbox 539 3122 597 3175; x_wconf 89' lang='lat' dir='ltr'><strong>tua</strong></span> <span class='ocrx_word' id='word_1_195' title='bbox 622 3132 686 3188; x_wconf 91' lang='lat' dir='ltr'><strong>me,</strong></span> <span class='ocrx_word' id='word_1_196' title='bbox 711 3122 744 3174; x_wconf 91' lang='lat' dir='ltr'><strong>te</strong></span> <span class='ocrx_word' id='word_1_197' title='bbox 769 3132 844 3175; x_wconf 91' lang='lat' dir='ltr'><strong>mea</strong></span> <span class='ocrx_word' id='word_1_198' title='bbox 872 3110 976 3175; x_wconf 85' lang='lat' dir='ltr'><strong>forma</strong></span> <span class='ocrx_word' id='word_1_199' title='bbox 1002 3111 1105 3196; x_wconf 89' lang='lat' dir='ltr'><strong>capit.</strong></span> 
     </span>
    </p>

    <p class='ocr_par' dir='ltr' id='par_1_15' title="bbox 275 3218 1116 3285">
     <span class='ocr_line' id='line_1_27' title="bbox 275 3218 1116 3285; baseline -0.004 0"><span class='ocrx_word' id='word_1_200' title='bbox 275 3234 308 3285; x_wconf 89' lang='lat' dir='ltr'><strong>et</strong></span> <span class='ocrx_word' id='word_1_201' title='bbox 333 3233 370 3284; x_wconf 93' lang='lat' dir='ltr'><strong>tu</strong></span> <span class='ocrx_word' id='word_1_202' title='bbox 394 3242 448 3284; x_wconf 88' lang='lat' dir='ltr'><strong>me</strong></span> <span class='ocrx_word' id='word_1_203' title='bbox 473 3219 643 3283; x_wconf 82' lang='lat' dir='ltr'><strong>miseram!</strong></span> <span class='ocrx_word' id='word_1_204' title='bbox 669 3218 813 3284; x_wconf 91' lang='lat' dir='ltr'><strong>blandus</strong></span> <span class='ocrx_word' id='word_1_205' title='bbox 837 3231 870 3284; x_wconf 92' lang='lat' dir='ltr'><strong>et</strong></span> <span class='ocrx_word' id='word_1_206' title='bbox 894 3241 960 3283; x_wconf 89' lang='lat' dir='ltr'><strong>una</strong></span> <span class='ocrx_word' id='word_1_207' title='bbox 984 3219 1116 3283; x_wconf 91' lang='lat' dir='ltr'><strong>domus.</strong></span> 
     </span>
    </p>

    <p class='ocr_par' dir='ltr' id='par_1_16' title="bbox 272 3325 1260 3415">
     <span class='ocr_line' id='line_1_28' title="bbox 272 3325 1260 3415; baseline -0.004 -22"><span class='ocrx_word' id='word_1_208' title='bbox 272 3351 326 3415; x_wconf 89' lang='lat' dir='ltr'><strong>ep.</strong></span> <span class='ocrx_word' id='word_1_209' title='bbox 351 3327 412 3395; x_wconf 87' lang='lat' dir='ltr'><strong>IV.</strong></span> <span class='ocrx_word' id='word_1_210' title='bbox 439 3329 496 3392; x_wconf 79' lang='lat' dir='ltr'><strong>oo:</strong></span> <span class='ocrx_word' id='word_1_211' title='bbox 520 3326 642 3391; x_wconf 87' lang='lat' dir='ltr'><strong>Ponite</strong></span> <span class='ocrx_word' id='word_1_212' title='bbox 667 3328 710 3391; x_wconf 92' lang='lat' dir='ltr'><strong>de</strong></span> <span class='ocrx_word' id='word_1_213' title='bbox 735 3338 849 3391; x_wconf 90' lang='lat' dir='ltr'><strong>nostra</strong></span> <span class='ocrx_word' id='word_1_214' title='bbox 875 3326 952 3391; x_wconf 93' lang='lat' dir='ltr'><strong>bina</strong></span> <span class='ocrx_word' id='word_1_215' title='bbox 977 3339 1118 3412; x_wconf 88' lang='lat' dir='ltr'><strong>tropaea</strong></span> <span class='ocrx_word' id='word_1_216' title='bbox 1143 3325 1260 3399; x_wconf 84' lang='lat' dir='ltr'><strong>don103</strong></span> 
     </span>
    </p>

    <p class='ocr_par' dir='ltr' id='par_1_17' title="bbox 272 3434 1269 3520">
     <span class='ocr_line' id='line_1_29' title="bbox 272 3434 1269 3520; baseline -0.008 -16"><span class='ocrx_word' id='word_1_217' title='bbox 272 3437 368 3504; x_wconf 87' lang='lat' dir='ltr'><strong>XVI.</strong></span> <span class='ocrx_word' id='word_1_218' title='bbox 385 3438 464 3502; x_wconf 74' lang='lat'><strong>242:</strong></span> <span class='ocrx_word' id='word_1_219' title='bbox 489 3435 594 3499; x_wconf 87' lang='lat' dir='ltr'><strong>Parta</strong></span> <span class='ocrx_word' id='word_1_220' title='bbox 619 3457 681 3520; x_wconf 91' lang='lat' dir='ltr'><strong>per</strong></span> <span class='ocrx_word' id='word_1_221' title='bbox 704 3434 880 3500; x_wconf 87' lang='lat' dir='ltr'><strong>arbitrium</strong></span> <span class='ocrx_word' id='word_1_222' title='bbox 905 3434 982 3499; x_wconf 91' lang='lat' dir='ltr'><strong>bina</strong></span> <span class='ocrx_word' id='word_1_223' title='bbox 1006 3446 1147 3519; x_wconf 90' lang='lat' dir='ltr'><strong>tropaea</strong></span> <span class='ocrx_word' id='word_1_224' title='bbox 1164 3445 1269 3497; x_wconf 92' lang='lat' dir='ltr'><strong>tuum.</strong></span> 
     </span>
    </p>

    <p class='ocr_par' dir='ltr' id='par_1_18' title="bbox 276 3541 1158 3629">
     <span class='ocr_line' id='line_1_30' title="bbox 276 3541 1158 3629; baseline -0.005 -21"><span class='ocrx_word' id='word_1_225' title='bbox 276 3566 330 3629; x_wconf 89' lang='lat' dir='ltr'><strong>ep.</strong></span> <span class='ocrx_word' id='word_1_226' title='bbox 355 3541 415 3609; x_wconf 92' lang='lat' dir='ltr'><strong>IV.</strong></span> <span class='ocrx_word' id='word_1_227' title='bbox 443 3543 519 3609; x_wconf 80' lang='lat'>109:</span> <span class='ocrx_word' id='word_1_228' title='bbox 545 3541 722 3628; x_wconf 91' lang='lat' dir='ltr'><strong>aberitque</strong></span> <span class='ocrx_word' id='word_1_229' title='bbox 747 3543 804 3607; x_wconf 92' lang='lat' dir='ltr'><strong>diu</strong></span> <span class='ocrx_word' id='word_1_230' title='bbox 828 3541 1020 3627; x_wconf 88' lang='lat' dir='ltr'><strong>Neptunius</strong></span> <span class='ocrx_word' id='word_1_231' title='bbox 1043 3541 1158 3617; x_wconf 90' lang='lat' dir='ltr'><strong>heros;</strong></span> 
     </span>
    </p>

    <p class='ocr_par' dir='ltr' id='par_1_19' title="bbox 272 3647 1338 3736">
     <span class='ocr_line' id='line_1_31' title="bbox 272 3647 1338 3736; baseline -0.001 -22"><span class='ocrx_word' id='word_1_232' title='bbox 272 3649 370 3716; x_wconf 86' lang='lat' dir='ltr'><strong>XVI.</strong></span> <span class='ocrx_word' id='word_1_233' title='bbox 395 3653 452 3716; x_wconf 85' lang='lat'><strong>21:</strong></span> <span class='ocrx_word' id='word_1_234' title='bbox 484 3649 540 3714; x_wconf 78' lang='lat' dir='ltr'><strong>An</strong></span> <span class='ocrx_word' id='word_1_235' title='bbox 569 3650 648 3736; x_wconf 90' lang='lat' dir='ltr'><strong>quia</strong></span> <span class='ocrx_word' id='word_1_236' title='bbox 673 3650 739 3712; x_wconf 87' lang='lat' dir='ltr'><strong>vim</strong></span> <span class='ocrx_word' id='word_1_237' title='bbox 764 3648 859 3714; x_wconf 90' lang='lat' dir='ltr'><strong>nobis</strong></span> <span class='ocrx_word' id='word_1_238' title='bbox 875 3648 1071 3736; x_wconf 89' lang='lat' dir='ltr'><strong>Neptunius</strong></span> <span class='ocrx_word' id='word_1_239' title='bbox 1094 3647 1204 3712; x_wconf 91' lang='lat' dir='ltr'><strong>attulit</strong></span> <span class='ocrx_word' id='word_1_240' title='bbox 1229 3647 1338 3713; x_wconf 90' lang='lat' dir='ltr'><strong>heros.</strong></span> 
     </span>
    </p>

    <p class='ocr_par' dir='ltr' id='par_1_20' title="bbox 166 3742 1341 3950">
     <span class='ocr_line' id='line_1_32' title="bbox 273 3742 1341 3844; baseline -0.004 -22"><span class='ocrx_word' id='word_1_241' title='bbox 273 3780 325 3844; x_wconf 91' lang='lat' dir='ltr'><strong>ep.</strong></span> <span class='ocrx_word' id='word_1_242' title='bbox 349 3757 410 3822; x_wconf 86' lang='lat' dir='ltr'><strong>IV.</strong></span> <span class='ocrx_word' id='word_1_243' title='bbox 438 3758 516 3823; x_wconf 73' lang='lat'>143:</span> <span class='ocrx_word' id='word_1_244' title='bbox 562 3769 599 3820; x_wconf 93' lang='lat' dir='ltr'><strong>ut</strong></span> <span class='ocrx_word' id='word_1_245' title='bbox 630 3757 737 3821; x_wconf 86' lang='lat' dir='ltr'><strong>tenuit</strong></span> <span class='ocrx_word' id='word_1_246' title='bbox 765 3757 886 3821; x_wconf 92' lang='lat' dir='ltr'><strong>domus</strong></span> <span class='ocrx_word' id='word_1_247' title='bbox 915 3778 982 3820; x_wconf 91' lang='lat' dir='ltr'><strong>una</strong></span> <span class='ocrx_word' id='word_1_248' title='bbox 1005 3755 1102 3831; x_wconf 94' lang='lat' dir='ltr'><strong>duos,</strong></span> <span class='ocrx_word' id='word_1_249' title='bbox 1126 3742 1253 3820; x_wconf 89' lang='lat' dir='ltr'><strong>domus</strong></span> <span class='ocrx_word' id='word_1_250' title='bbox 1271 3774 1341 3818; x_wconf 88' lang='lat' dir='ltr'><strong>una</strong></span> 
     </span>
     <span class='ocr_line' id='line_1_33' title="bbox 166 3863 1141 3950; baseline -0.004 -18"><span class='ocrx_word' id='word_1_251' title='bbox 166 3865 312 3942; x_wconf 83' lang='lat' dir='ltr'><strong>tenebit3</strong></span> <span class='ocrx_word' id='word_1_252' title='bbox 339 3887 391 3950; x_wconf 93' lang='lat' dir='ltr'><strong>ep.</strong></span> <span class='ocrx_word' id='word_1_253' title='bbox 409 3865 504 3932; x_wconf 88' lang='lat' dir='ltr'><strong>XVI.</strong></span> <span class='ocrx_word' id='word_1_254' title='bbox 532 3865 593 3929; x_wconf 83' lang='lat'><strong>182</strong></span> <span class='ocrx_word' id='word_1_255' title='bbox 619 3912 626 3928; x_wconf 93' lang='lat'><strong>.</strong></span> <span class='ocrx_word' id='word_1_256' title='bbox 652 3911 660 3928; x_wconf 89' lang='lat'><strong>.</strong></span> <span class='ocrx_word' id='word_1_257' title='bbox 685 3917 691 3930; x_wconf 94' lang='lat'><strong>.</strong></span> <span class='ocrx_word' id='word_1_258' title='bbox 715 3863 861 3929; x_wconf 90' lang='lat' dir='ltr'><strong>blandus</strong></span> <span class='ocrx_word' id='word_1_259' title='bbox 880 3874 913 3928; x_wconf 93' lang='lat' dir='ltr'><strong>et</strong></span> <span class='ocrx_word' id='word_1_260' title='bbox 930 3885 996 3927; x_wconf 94' lang='lat' dir='ltr'><strong>una</strong></span> <span class='ocrx_word' id='word_1_261' title='bbox 1012 3863 1141 3928; x_wconf 89' lang='lat' dir='ltr'><strong>domus.</strong></span> 
     </span>
    </p>

    <p class='ocr_par' dir='ltr' id='par_1_21' title="bbox 168 3968 1342 4254">
     <span class='ocr_line' id='line_1_34' title="bbox 274 3968 1342 4059; baseline -0.005 -22"><span class='ocrx_word' id='word_1_262' title='bbox 274 3994 328 4059; x_wconf 92' lang='lat' dir='ltr'><strong>ep.</strong></span> <span class='ocrx_word' id='word_1_263' title='bbox 367 3971 427 4038; x_wconf 92' lang='lat' dir='ltr'><strong>IV.</strong></span> <span class='ocrx_word' id='word_1_264' title='bbox 467 3972 522 4039; x_wconf 83' lang='lat'><strong>18:</strong></span> <span class='ocrx_word' id='word_1_265' title='bbox 560 3970 664 4055; x_wconf 86' lang='lat' dir='ltr'><strong>fama,</strong></span> <span class='ocrx_word' id='word_1_266' title='bbox 699 3970 799 4034; x_wconf 91' lang='lat' dir='ltr'><strong>velim</strong></span> <span class='ocrx_word' id='word_1_267' title='bbox 846 3991 1006 4056; x_wconf 87' lang='lat' dir='ltr'><strong>quaeras,</strong></span> <span class='ocrx_word' id='word_1_268' title='bbox 1050 3968 1188 4033; x_wconf 87' lang='lat' dir='ltr'><strong>crimine</strong></span> <span class='ocrx_word' id='word_1_269' title='bbox 1223 3978 1342 4032; x_wconf 90' lang='lat' dir='ltr'><strong>nostra</strong></span> 
     </span>
     <span class='ocr_line' id='line_1_35' title="bbox 168 4075 1341 4150; baseline -0.003 -6"><span class='ocrx_word' id='word_1_270' title='bbox 168 4093 281 4146; x_wconf 91' lang='lat' dir='ltr'><strong>vacat:</strong></span> <span class='ocrx_word' id='word_1_271' title='bbox 321 4078 419 4144; x_wconf 93' lang='lat' dir='ltr'><strong>XVI.</strong></span> <span class='ocrx_word' id='word_1_272' title='bbox 464 4079 517 4150; x_wconf 82' lang='lat'><strong>17:</strong></span> <span class='ocrx_word' id='word_1_273' title='bbox 557 4079 651 4142; x_wconf 82' lang='lat' dir='ltr'><strong>lama</strong></span> <span class='ocrx_word' id='word_1_274' title='bbox 690 4089 801 4141; x_wconf 87' lang='lat' dir='ltr'><strong>tamen</strong></span> <span class='ocrx_word' id='word_1_275' title='bbox 838 4077 930 4142; x_wconf 90' lang='lat' dir='ltr'><strong>clara</strong></span> <span class='ocrx_word' id='word_1_276' title='bbox 965 4089 1015 4141; x_wconf 90' lang='lat' dir='ltr'><strong>est</strong></span> <span class='ocrx_word' id='word_1_277' title='bbox 1051 4088 1084 4140; x_wconf 95' lang='lat' dir='ltr'><strong>et</strong></span> <span class='ocrx_word' id='word_1_278' title='bbox 1119 4075 1231 4140; x_wconf 92' lang='lat' dir='ltr'><strong>adhuc</strong></span> <span class='ocrx_word' id='word_1_279' title='bbox 1267 4075 1341 4140; x_wconf 90' lang='lat' dir='ltr'><strong>sine</strong></span> 
     </span>
     <span class='ocr_line' id='line_1_36' title="bbox 169 4187 410 4254; baseline -0.012 -1"><span class='ocrx_word' id='word_1_280' title='bbox 169 4189 307 4254; x_wconf 88' lang='lat' dir='ltr'><strong>crimine</strong></span> <span class='ocrx_word' id='word_1_281' title='bbox 332 4187 410 4251; x_wconf 86' lang='lat' dir='ltr'><strong>vixi.</strong></span> 
     </span>
    </p>

    <p class='ocr_par' dir='ltr' id='par_1_22' title="bbox 275 4289 1239 4386">
     <span class='ocr_line' id='line_1_37' title="bbox 275 4289 1239 4386; baseline -0.004 -27"><span class='ocrx_word' id='word_1_282' title='bbox 275 4317 330 4386; x_wconf 89' lang='lat' dir='ltr'><strong>ep.</strong></span> <span class='ocrx_word' id='word_1_283' title='bbox 355 4293 398 4359; x_wconf 92' lang='lat' dir='ltr'><strong>V.</strong></span> <span class='ocrx_word' id='word_1_284' title='bbox 427 4295 503 4361; x_wconf 78' lang='grc' dir='ltr'><strong>14οι</strong></span> <span class='ocrx_word' id='word_1_285' title='bbox 527 4294 582 4357; x_wconf 93' lang='lat' dir='ltr'><strong>ille</strong></span> <span class='ocrx_word' id='word_1_286' title='bbox 607 4314 702 4357; x_wconf 85' lang='lat' dir='ltr'><strong>meac</strong></span> <span class='ocrx_word' id='word_1_287' title='bbox 727 4291 871 4380; x_wconf 91' lang='lat' dir='ltr'><strong>spolium</strong></span> <span class='ocrx_word' id='word_1_288' title='bbox 896 4291 1096 4379; x_wconf 87' lang='lat' dir='ltr'><strong>virginitatis</strong></span> <span class='ocrx_word' id='word_1_289' title='bbox 1120 4289 1239 4366; x_wconf 90' lang='lat' dir='ltr'><strong>habet;</strong></span> 
     </span>
    </p>
   </div>
   <div class='ocr_carea' id='block_1_5' title="bbox 0 0 1515 4868">
    <p class='ocr_par' dir='ltr' id='par_1_23' title="bbox 0 0 1515 4868">
     <span class='ocr_line' id='line_1_38' title="bbox 0 0 1515 4868; baseline 0 0"><span class='ocrx_word' id='word_1_290' title='bbox 0 0 1515 4868; x_wconf 95' lang='lat' dir='ltr'><strong> </strong></span> 
     </span>
    </p>
   </div>
  </div>
 </body>
</html>
