3000 4868
622 317 842 386 ,μμ

146 523 251 585 vitate
287 520 434 607 quadam
472 531 504 583 et
538 519 708 605 elegantia
739 517 863 593 fluere,
905 517 983 580 inde
1019 528 1133 580 autem
1166 509 1321 592 minutiis

148 628 415 714 repetitionibus
437 627 675 710 discrepantiis
692 625 854 689 refertam
874 646 947 688 esse
965 624 1122 687 ostendit.
1160 623 1323 688 Contem-

147 736 243 822 plare
268 737 369 800 modo
395 756 512 798 versus
540 733 680 809 71-75,
706 754 807 818 quam
835 732 992 818 frequens
1010 733 1109 796 estin
1127 733 1164 794 iis
1188 732 1322 795 iteratio

149 844 336 907 sententiae
368 843 459 907 haud
495 844 542 905 ita
575 842 688 926 magni
723 839 899 903 momenti!
947 832 1036 902 Tum
1061 862 1093 902 v.
1116 840 1216 922 assat
1241 839 1322 903 nihil

147 949 218 1014 iere
249 951 415 1014 differunt
443 971 462 1012 a
496 947 649 1013 versibus
677 946 788 1032 89190.
836 945 906 1010 Sed
939 947 1148 1010 absurditate
1184 967 1323 1031 prorsus

147 1058 263 1120 referti
288 1068 366 1120 sunt
402 1079 433 1119 v.
460 1057 648 1126 119-124.
673 1055 765 1140 quod
790 1056 856 1118 iarn
882 1053 1079 1132 Lehrsius¹)
1105 1053 1322 1117 admonebat.

148 1164 306 1228 Observa
328 1164 429 1227 etiam
447 1163 583 1226 nimiam
601 1162 794 1226 fabularum
812 1161 1080 1236 affectationem,
1098 1183 1199 1246 quam
1221 1164 1323 1226 etiam

148 1272 211 1334 illis
236 1271 330 1346 locis,
355 1271 535 1357 inquibus
561 1270 756 1354 explanatio
781 1268 946 1353 exemplis
964 1280 997 1331 et
1011 1267 1324 1352 comparationibus

149 1399 215 1442 non
241 1378 463 1454 desideratur,
487 1378 685 1440 invenimus.
736 1375 824 1438 Nam
849 1376 931 1461 quid
959 1375 1021 1438 sibi
1057 1375 1127 1438 vult
1160 1397 1325 1439 excursus

150 1486 193 1549 de
231 1497 338 1548 matre
375 1485 507 1561 Helles,
543 1484 626 1570 quid
661 1483 842 1567 Neptunus
878 1494 912 1546 et
936 1483 1006 1560 alii,
1049 1483 1106 1569 qui
1134 1504 1258 1568 magna
1283 1504 1326 1546 ex

151 1604 249 1676 parte
273 1613 384 1677 paene
417 1605 495 1656 sunt
531 1591 657 1677 ignoti,
700 1589 890 1676 quibusque
924 1590 1085 1674 imprimis
1118 1613 1148 1653 v.
1178 1591 1328 1653 132-36

152 1699 269 1762 referti
295 1697 396 1762 sunt?
430 1699 628 1779 Lehrsius2)
661 1719 796 1783 quoque
829 1719 947 1760 versus
979 1698 1020 1761 39
1048 1697 1110 1760 -53
1135 1710 1169 1760 et
1194 1697 1323 1768 59--77

152 1806 240 1881 eicit,
266 1807 392 1891 quippe
416 1807 472 1892 qui
496 1827 634 1891 pompa,
659 1805 812 1891 argutiis,
837 1817 983 1880 tumore,
1009 1805 1105 1867 unius
1139 1805 1325 1868 sententiae

150 1913 271 1977 iterum
296 1925 400 1999 atque
425 1914 545 1976 iterum
571 1913 736 1998 repetitae
761 1912 873 1975 studio
897 1911 1082 1975 abundent.
1122 1911 1237 1998 Atque
1255 1913 1325 1974 iure

152 2020 334 2084 offendunt
358 2042 435 2084 eum
459 2021 607 2105 ineptiae
633 2033 667 2083 et
693 2020 869 2082 morositas
894 2019 1019 2082 inutilis
1044 2019 1075 2081 in
1100 2042 1132 2081 v.
1148 2020 1206 2083 80:
1248 2040 1326 2094 ‚non

152 2128 273 2205 minus,
298 2140 356 2192 aut
380 2128 485 2191 multo
512 2149 578 2192 non
604 2128 711 2189 minus
736 2147 865 2212 aequor
890 2134 985 2189 erat.‘
1034 2126 1127 2190 ldem
1156 2128 1327 2213 sagaciter

152 2247 288 2310 monet,
320 2234 426 2303 v.157
472 2236 644 2320 aptissime
681 2235 845 2318 consequi
881 2235 1138 2310 versum.118‚
1174 2234 1327 2298 versibus

153 2353 267 2405 autem
291 2342 477 2406 interiectis
500 2342 590 2406 filum
609 2341 812 2405 narrationis
830 2341 1027 2424 interrumpi
1051 2353 1085 2404 et
1107 2342 1140 2403 in
1164 2342 1202 2404 iis
1220 2339 1329 2405 Hero-

154 2470 231 2510 nem
255 2449 320 2510 iam
345 2447 417 2512 aliis
441 2450 474 2512 in
498 2449 600 2513 rebus
624 2460 819 2512 versantem
844 2448 936 2533 fingi,
961 2449 1006 2511 ita
1031 2460 1068 2510 ut
1086 2471 1115 2510 v.
1135 2450 1195 2513 149
1213 2461 1247 2512 et
1268 2448 1327 2511 155

154 2556 219 2617 iam
244 2568 365 2618 natans
389 2567 423 2618 et
448 2577 525 2620 cum
558 2555 717 2620 fluctibus
742 2575 898 2640 pugnans
922 2554 1146 2638 intellegatur.
1194 2554 1328 2619 Deinde

153 2662 197 2726 ab
223 2661 334 2725 Herus
358 2675 393 2725 et
421 2662 571 2727 Leandri
604 2662 722 2726 fabula
755 2661 995 2726 alienissimum
1029 2682 1102 2724 esse
1126 2674 1243 2725 notum
1267 2675 1329 2738 est,

156 2769 249 2855 quod
274 2770 376 2833 etiam
393 2769 487 2833 Hero
512 2770 680 2834 communi
703 2769 758 2833 illo
776 2769 856 2832 vitio
874 2769 1021 2832 omnium
1043 2769 1117 2832 lere
1134 2771 1330 2846 amantium,

157 2877 235 2942 dico
259 2877 384 2940 amoris
400 2877 564 2955 stimulos
589 2876 752 2941 obstricta
771 2877 886 2950 fuerit;
910 2888 1024 2939 tamen
1040 2876 1073 2938 in
1090 2877 1156 2939 hac
1174 2877 1328 2961 epistula,

155 2995 192 3047 ut
216 2983 254 3048 E.
280 2983 436 3047 Rhodius
447 2991 470 3060 ³)
496 2994 589 3047 recte
613 2983 727 3058 docet,
753 3004 870 3046 versus
899 2984 1071 3046 lul-102
1102 2984 1133 3047 in
1159 2984 1224 3048 hoc
1256 2985 1330 3069 ipso

156 3091 341 3154 amantium
373 3091 525 3155 cruciatu
558 3102 754 3170 versantur;
786 3111 896 3175 neque
928 3103 1020 3154 recte
1049 3112 1085 3154 se
1110 3091 1214 3155 habet
1238 3091 1332 3177 quod

155 3197 370 3283 nescioquis
405 3204 530 3282 poetae
563 3188 654 3261 banc
678 3197 882 3261 mentionem
908 3198 1065 3262 concedit
1089 3198 1218 3275 dicens,
1243 3219 1330 3275 ,cum

159 3305 190 3368 in
216 3304 288 3368 aliis
313 3305 386 3368 iere
411 3303 566 3368 omnibus
584 3305 736 3390 epistulis
753 3305 877 3368 amoris
895 3305 1066 3368 cruciatus
1083 3318 1116 3368 et
1133 3307 1331 3370 vexationes

157 3410 302 3495 amplius
326 3411 592 3488 dissererentur‚
621 3413 654 3474 in
686 3413 774 3475 hanc
808 3432 944 3496 quoque
969 3412 1147 3496 epistulam
1172 3413 1237 3477 hoc
1261 3435 1332 3477 mo·

159 3529 310 3581 mentum
342 3517 441 3582 facile
473 3519 649 3603 irrepsisse
661 3526 679 3591 ;‘
711 3520 803 3604 quod
828 3530 864 3581 ut
888 3518 1046 3603 equidem
1069 3531 1164 3604 puto,
1189 3520 1332 3584 Ovidius

162 3644 346 3710 numquam
369 3626 526 3703 fecisset,
550 3626 612 3689 sed
636 3625 771 3690 cuidam
797 3626 909 3710 potius
933 3626 1092 3689 imitatori
1117 3625 1332 3690 tribuendum

158 3745 222 3810 est,
247 3732 304 3818 qui
328 3732 426 3796 nimis
450 3733 549 3796 anxie
575 3733 727 3818 magistri
751 3733 894 3818 vestigia
918 3732 1133 3818 sequebatur.

266 3840 364 3917 Quas
388 3841 484 3904 attuli
508 3841 718 3925 suspiciones
742 3841 831 3903 solas
855 3860 922 3903 non
939 3840 1093 3904 sufficere
1110 3842 1155 3905 ad
1172 3843 1333 3927 epistulas

163 3945 407 4011 abiudicandas
424 3947 549 4011 Ovidio
566 3947 653 4010 inter
677 3967 793 4010 omnes
819 3958 962 4023 constat,
988 3960 1106 4011 contra
1131 3970 1200 4025 eoa,
1224 3949 1250 4012 si
1267 3950 1333 4013 alia

271 4144 297 4204 l)
316 4141 380 4195 ibid.

268 4231 295 4296 2)
315 4231 333 4285 l.
347 4247 368 4285 c.
382 4248 407 4299 p.
421 4232 482 4286 235.

268 4321 295 4392 3)
316 4320 500 4376 Grieohisoher
518 4322 621 4376 Roman
641 4338 667 4391 p.
682 4323 733 4378 135
752 4339 778 4378 u.
792 4324 815 4378 2.
