3000 4868
640 380 860 445 ..13-

160 580 285 665 Neque
324 578 497 664 Juvenalis
537 578 624 641 hanc
664 576 774 662 legem
815 577 983 663 neglexit,
1024 576 1185 640 Horatius
1224 588 1337 639 autern

161 693 228 750 uno
283 686 359 750 loco
406 696 469 748 sat.
500 685 538 748 Il.
568 685 598 747 3.
632 684 692 747 193
732 682 787 759 ‚ab
838 681 971 746 Achille
1010 682 1202 758 secundus'‚
1253 681 1338 770 Prof

133 786 135 790 ὗ
160 793 289 879 pertius
307 793 350 857 V.
373 794 497 870 11,40:
523 789 668 868 Achille,
693 789 820 854 Statius
837 789 929 854 theb.
948 790 1023 854 XIl.
1043 792 1125 854 348:
1152 789 1336 875 ,Polynice’

162 901 278 965 ultima
309 898 440 986 syllaba
472 911 633 983 correpta
664 896 836 963 adhibent.
885 896 1044 960 Similiter
1068 898 1170 983 igitur
1193 897 1336 962 Ovidius

10 1010 29 1033 ⁸
77 1020 98 1055 v⁷
161 1008 193 1071 in
218 1030 271 1093 ep.
289 1006 385 1071 XVI.
408 1007 466 1069 148
485 1005 587 1070 Ulixe
611 1004 734 1090 posuit,
760 1026 861 1090 quam
879 1005 1049 1068 licentiam
1066 1005 1145 1069 alibi
1162 1025 1336 1089 nunquam

53 1126 56 1129 '
163 1127 300 1179 secutus
318 1126 379 1177 est.
416 1113 505 1177 Nam
524 1112 615 1197 quod
633 1113 665 1174 in
683 1111 907 1197 ‚Ganymede'
924 1111 1070 1175 litteram
1087 1133 1106 1175 e
1123 1111 1336 1196 corripuerit,

162 1223 253 1286 haud
275 1242 349 1284 esse
372 1221 516 1284 alienam
533 1220 645 1305 alege
663 1217 903 1282 Lachmannus
921 1220 1024 1283 docet
1039 1222 1071 1296 ἲ),
1096 1220 1152 1304 qui
1169 1218 1343 1305 ablativos

161 1327 376 1415 Ganymede,
400 1325 611 1413 Lycomede,
636 1326 803 1389 Diomede
829 1326 944 1389 ultima
962 1324 1054 1389 brevi
1073 1326 1184 1411 posita
1201 1346 1338 1409 semper

162 1447 344 1521 usurpatos
377 1456 451 1499 esse
484 1455 503 1496 a
535 1436 645 1518 poetis
677 1432 830 1497 adnotat.
877 1433 995 1496 Inveni
1027 1446 1141 1496 autem
1170 1428 1338 1496 Diomede

162 1554 240 1606 met.
257 1541 349 1605 XIII.
371 1543 443 1616 100,
461 1544 543 1616 2423
568 1539 665 1603 XIV.
684 1542 759 1616 492,
785 1539 986 1626 Ganymede
1011 1540 1131 1604 eadem
1150 1540 1337 1625 quantitate

162 1649 253 1735 apud
278 1649 456 1713 Horatium
480 1670 510 1713 c.
529 1647 589 1725 IV,
608 1651 637 1711 4.
656 1650 686 1711 t.
1033 1724 1035 1728 μ

262 1755 446 1834 1Ροεῑῐεῐηο
472 1755 581 1821 obiter
606 1756 823 1841 attingamus,
848 1755 1007 1820 Ovidium
1031 1755 1256 1840 Lachmanno
1279 1754 1339 1818 ad-

162 1876 320 1928 monente
345 1864 618 1950 interrogationis
643 1862 846 1949 particulam
871 1862 959 1947 ,qui’,
983 1874 1019 1925 ut
1037 1874 1127 1925 esset
1143 1860 1337 1947 ‚quomodo’

161 1992 333 2057 nunquam
357 1971 390 2033 in
416 1970 622 2035 carminibus
647 1991 850 2054 usurpasse3
875 1991 942 2054 qua
967 1969 1010 2033 de
1035 1990 1072 2031 re
1089 1969 1178 2032 intra
1195 1968 1339 2053 amplius

161 2079 284 2142 dicam.

266 2184 341 2248 Hae
376 2197 453 2247 sunt
488 2183 733 2259 dubitatione3‚
769 2203 853 2269 quas
885 2182 1124 2246 Lachmannus
1159 2182 1275 2246 affert.
1295 2183 1338 2246 de

162 2290 312 2377 epistulis
350 2290 436 2354 XVI
472 2303 505 2355 et
540 2290 675 2365 XVIII3
720 2302 824 2376 atque
857 2311 956 2354 nemo
988 2302 1190 2376 argumenta
1225 2302 1339 2374 poste-

162 2400 252 2463 riora
276 2399 347 2462 iure
371 2399 505 2490 prolata
530 2420 603 2462 esse
629 2396 777 2484 negabit.
826 2397 944 2483 ltaque
968 2419 1046 2462 cum
1068 2384 1101 2459 in
1118 2398 1206 2461 hanc
1224 2397 1338 2481 dispu-

161 2506 298 2571 tationis
331 2492 464 2591 partem
489 2507 762 2590 pervenerimus,
798 2503 840 2568 ab
872 2505 953 2589 ipsis
983 2503 1196 2568 Lachmanni
1229 2505 1338 2589 suspi-

161 2612 314 2679 cionibus
338 2604 565 2699 procedamus
590 2613 635 2676 ad
658 2613 723 2676 alia
748 2613 938 2676 testimonia
970 2612 1183 2698 quaerenda,
1216 2611 1337 2697 quibus

161 2722 323 2807 epistulas
348 2735 480 2785 nostras
503 2719 627 2784 Ovidio
652 2719 896 2784 abiudicandas
921 2741 1007 2796 esse,
1032 2720 1158 2784 certius
1183 2740 1338 2804 compro-

165 2828 274 2893 betur.

265 2937 360 3000 Illam
394 2936 495 3022 igitur
527 2936 634 3023 ipsam
666 2934 879 2999 Lachrnanni
910 2935 1238 3020 argumentationem
1272 2956 1338 2998 non

163 3044 206 3108 ab
240 3043 395 3107 omnibus
426 3042 566 3127 probari
594 3043 756 3106 monitum
782 3043 892 3105 velim.
940 3040 1031 3104 Nam
1055 3041 1228 3124 Riesius2)
1253 3043 1340 3126 epis-

164 3150 249 3214 tulas
281 3151 488 3236 posteriores
512 3149 590 3213 inde
615 3149 658 3213 ab
684 3171 738 3235 ep.
762 3148 833 3212 XV
857 3147 901 3212 ab
926 3148 1069 3225 ovidio,
1103 3170 1179 3213 cum
1204 3149 1270 3212 iam
1294 3150 1339 3213 ad

155 3257 310 3321 'Pontum
341 3258 511 3342 relegatus
544 3269 651 3333 esset,
683 3257 895 3342 conscriptas
920 3270 1023 3342 atque
1049 3256 1157 3320 editas
1183 3278 1256 3320 esse
1281 3257 1339 3320 do·

164 3366 251 3443 cuit,
285 3377 318 3428 et
353 3366 441 3429 hanc
477 3366 679 3428 sententiam
714 3372 871 3449 posteai)
908 3385 985 3427 cum
1017 3364 1060 3428 de
1091 3363 1339 3448 Eschenburgii

165 3473 489 3557 commentatione⁴)
514 3473 675 3536 iudicium
700 3473 807 3536 terret
823 3472 994 3558 copiosius
1010 3471 1175 3535 defendit.
1223 3469 1339 3557 Atque

164 3603 200 3645 re
225 3602 307 3644 vera
331 3597 448 3644 omnes
473 3580 546 3643 illas
570 3579 806 3656 difficultates,
838 3580 871 3642 in
895 3578 1016 3665 quibus
1040 3578 1204 3642 haerebat
1228 3577 1340 3642 Lach-

166 3709 324 3764 mannus,
360 3688 523 3773 expedire
553 3688 681 3771 potuit,
712 3688 790 3773 quia
819 3688 968 3750 carmina
992 3687 1112 3751 Tomis
1135 3687 1263 3772 scripta
1287 3687 1340 3750 vel

165 3807 350 3860 retractata
375 3796 503 3880 optime
527 3816 718 3880 congruere
743 3816 821 3859 cum
845 3795 998 3880 epistulis
1017 3794 1109 3857 vidit.
1157 3793 1247 3858 Iluic
1265 3816 1340 3857 sen-

166 3903 291 3966 tentiae
340 3903 425 3966 inter
471 3903 553 3966 alios
605 3902 767 3987 imprimis
812 3901 1129 3986 Eschenburgius⁵)
1176 3902 1339 3977 accessit3

274 4114 300 4182 ll
320 4131 386 4170 com.
406 4116 440 4169 ad
460 4116 536 4169 Luer.
556 4132 581 4183 p.
594 4116 637 4169 49.

272 4207 301 4267 2)
319 4204 368 4257 loe.
388 4205 432 4259 all.

273 4296 302 4362 3)
320 4294 399 4349 Burs.
418 4311 481 4350 ann.
503 4296 651 4350 1874-75.
671 4313 694 4364 p.
708 4297 769 4351 234.

273 4385 301 4453 4)
320 4384 399 4438 Metr.
419 4384 582 4439 Untersuch.

274 4475 302 4542 ὅ)
320 4489 411 4543 progr.
430 4473 498 4529 Lub.
518 4475 588 4530 1886
606 4491 631 4544 p.
645 4479 688 4531 39.
