3000 4868
642 305 863 380 -36..

162 528 163 532 ’
269 509 334 598 Ep.
360 509 458 579 XVI.
488 514 545 577 10:
571 513 628 599 qui
652 513 701 578 sic
722 512 887 591 intrabas,
911 515 1036 599 hospes
1060 535 1104 578 an
1128 515 1234 579 hostis
1252 529 1340 580 etas

271 623 329 686 lt:
354 643 449 686 error
472 622 577 696 inest3
601 620 716 706 pluma
741 632 851 685 tectus
875 620 1008 685 adulter
1033 633 1111 685 erat

268 728 313 790 nil
338 749 405 814 ego
428 728 455 791 si
479 748 621 813 peccem
638 748 777 813 possum
793 728 954 794 nescisse.
1001 749 1065 792 nec
1083 728 1169 792 ullus
1187 765 1227 776 ——
1246 751 1341 793 error

164 835 221 921 qui
247 835 328 900 sacti
351 835 480 900 crimen
504 833 699 912 obumbret,
724 835 798 899 erit.

270 944 328 1008 49:
353 942 408 1007 illa
433 941 520 1007 bene
545 943 683 1020 erravit,
708 943 892 1028 vitiumque
916 955 1059 1010 auctore
1083 920 1235 1008 redemit.

270 1049 352 1114 felix
377 1050 410 1113 in
436 1050 537 1135 culpa
561 1070 629 1136 quo
653 1050 740 1135 Jove
760 1049 860 1115 -dicar
884 1050 973 1137 ego?
1008 1077 1010 1080 ⁴

270 1158 327 1221 59:
352 1156 413 1221 sed
437 1157 494 1242 qui
519 1155 578 1221 tibi
601 1157 712 1244 gloria
737 1179 861 1244 magna
885 1170 937 1222 est

269 1265 415 1350 quintus,
439 1267 467 1328 is
483 1286 503 1328 a
520 1259 637 1329 nostro
662 1265 796 1329 nomine
820 1265 948 1351 primus
973 1266 1046 1330 erit.

271 1372 327 1435 80:
353 1393 488 1458 quaque
513 1370 599 1449 bibi,
623 1384 660 1437 tu
684 1393 821 1458 quoque
845 1387 943 1459 parte
967 1371 1053 1438 bibis
1065 1381 1099 1453 ¹).

274 1480 352 1542 101:
393 1500 459 1543 non
493 1491 529 1543 tu
558 1479 634 1564 plus
666 1480 792 1557 cernis,
824 1480 885 1544 sed
909 1481 984 1565 plus
1008 1481 1207 1545 temerarius
1231 1482 1339 1547 audes

162 1607 226 1651 nec
253 1586 312 1650 tibi
336 1586 412 1672 plus
437 1586 563 1665 cordis,
586 1588 648 1652 sed
672 1587 780 1651 minus
805 1587 873 1651 oris
897 1587 1007 1652 adest.

276 1693 351 1759 108:
377 1715 457 1779 spes
481 1706 539 1758 tua
563 1694 654 1758 lenta
678 1694 754 1777 iuit3
779 1694 872 1780 quod
896 1695 985 1780 petis
1009 1696 1095 1759 alter
1119 1694 1234 1760 habet.

187 1807 188 1810 ’
270 1801 348 1865 112:
373 1823 460 1867 neve
485 1802 565 1865 mibi
590 1823 692 1887 quam
717 1813 750 1865 te
775 1801 860 1866 dicis
884 1823 1010 1879 amare,
1035 1824 1133 1868 noce.

273 1910 349 1972 121:
375 1922 480 1995 utque
504 1910 546 1973 sit
570 1910 636 1973 hoc
660 1931 790 1986 verum,
814 1921 909 1974 certe
933 1931 1014 1995 pars
1038 1911 1145 1974 altera
1169 1911 1249 1976 licta
1273 1924 1334 1975 est.

270 2015 345 2081 153:
370 2016 466 2094 lude,
510 2016 573 2081 sed
608 2017 761 2093 occulte,
797 2017 919 2094 maior,
955 2038 1022 2082 non
1057 2019 1204 2083 maxima
1240 2019 1338 2083 nobis

159 2134 218 2187 est.
236 2122 317 2187 data
340 2122 490 2188 libertas.

269 2249 344 2316 105:
377 2249 427 2313 sic
452 2270 546 2313 meus
569 2249 647 2314 hinc
672 2250 723 2313 vir
745 2248 858 2329 abest,
883 2262 920 2314 ut
944 2272 998 2314 me
1022 2250 1193 2315 custudiat
1213 2249 1339 2315 absens

272 2356 348 2421 169:
384 2377 473 2441 quae
508 2357 617 2434 iuvat,
654 2370 691 2420 ut
726 2378 815 2422 nunc
851 2369 917 2434 est,
954 2357 1075 2423 eadem
1110 2358 1189 2421 mihi
1224 2358 1334 2444 gloria

162 2484 280 2527 curum
305 2463 429 2528 damno
453 2477 522 2539 est;
551 2464 627 2535 177:
662 2476 696 2529 et
720 2463 802 2529 libet
826 2476 860 2528 et
883 2466 997 2529 time0.

269 2572 345 2642 173:
368 2571 420 2635 de
453 2571 539 2636 facie
569 2573 707 2650 metuit,
731 2573 820 2637 vitae
846 2573 1001 2650 confidit,
1031 2585 1065 2637 et
1096 2572 1187 2637 illum
1220 2612 1260 2620 -
1285 2595 1339 2638 se-

158 2676 331 2763 probitas,
355 2680 465 2742 torma
488 2679 606 2743 timere
631 2679 726 2744 facit.
1055 2762 1059 2772 .

270 2784 346 2856 179:
373 2797 419 2850 yet
454 2785 505 2849 vir
538 2784 635 2850 abest
672 2784 768 2850 nobis
800 2798 835 2850 et
865 2798 902 2850 tu
934 2787 1005 2850 sine
1037 2787 1182 2873 coniuge
1211 2787 1337 2851 dormis

158 2893 261 2978 inque
285 2893 394 2957 vIcem
420 2906 478 2957 tua
502 2915 567 2970 me,
591 2907 625 2957 te
649 2914 726 2957 mea
749 2894 862 2957 forma
887 2894 990 2978 capit.

267 3001 348 3065 219:
373 3000 487 3065 delicti
511 3000 571 3065 fies
587 3000 685 3064 ,idem
709 3001 937 3086 reprehensor
960 3013 993 3065 et
1017 3013 1148 3069 auctor.

265 3106 346 3172 252:
371 3129 392 3171 a
416 3105 528 3171 verbis
552 3106 658 3172 facies
682 3106 822 3171 dissidet
847 3108 910 3172 ista
935 3107 1010 3172 tuis.
1052 3138 1054 3143 r

263 3227 344 3300 apta
369 3214 477 3301 magis
502 3215 628 3292 veneri,
653 3236 755 3300 quam
780 3227 857 3279 sunt
882 3226 940 3279 tua
964 3235 1111 3301 corpora
1135 3215 1252 3280 Marti.

264 3320 352 3386 bella
375 3333 498 3408 gerant
522 3322 638 3399 sorteS,
663 3335 699 3385 tu
722 3320 802 3386 Pari
825 3343 961 3408 semper
983 3321 1108 3407 ama2).

267 3446 370 3512 Adde
396 3469 513 3511 versus
537 3469 589 3532 ep.
606 3445 707 3512 XVI:
733 3448 807 3524 108,
829 3448 900 3524 135,
922 3447 994 3525 155,
1011 3449 1087 3525 223,
1104 3448 1187 3524 225;
1212 3448 1335 3517 deinde

159 3575 245 3641 quos
276 3576 380 3640 supra
409 3553 523 3638 attuli,
556 3575 586 3620 v.
617 3555 675 3631 21,
699 3554 780 3631 251,
804 3554 886 3626 258;
920 3555 1066 3641 denique
1095 3576 1154 3619 eos
1185 3577 1271 3642 quos
1302 3556 1334 3618 in

158 3663 272 3748 priore
303 3660 541 3746 disputationis
572 3674 670 3746 parte
701 3662 832 3739 notavi,
864 3684 896 3726 ν.
933 3661 1011 3740 154,
1046 3661 1125 3740 155,
1155 3662 1234 3739 105,
1263 3663 1334 3740 171,

163 3771 241 3847 179,
274 3769 307 3832 in
335 3769 458 3854 quibus
483 3767 635 3833 Helenae
664 3769 778 3832 *virum
809 3767 928 3833 abesse
953 3771 1125 3855 copiosius
1147 3783 1333 3834 enarratur.

262 3874 456 3961 Pergamus
479 3875 525 3940 ad
549 3897 602 3961 ep.
625 3875 760 3943 XVIII.
786 3877 907 3943 Inveni
931 3878 1033 3941 baec:

160 4043 371 4053 μψ-

151 4145 153 4150 ’
267 4147 293 4208 1)
313 4143 400 4198 conf.:
426 4160 477 4198 am·
497 4145 519 4198 I.
532 4147 558 4198 4.
572 4119 627 4199 32.
643 4134 671 4197 et
689 4159 742 4211 qua
760 4149 790 4198 tu
809 4143 916 4211 biberis,
936 4145 986 4199 beo
1005 4160 1056 4216 ego
1075 4153 1153 4214 parte
1171 4145 1283 4200 bibnm’:
1305 4153 1334 4200 ot

158 4249 182 4287 a.
196 4249 221 4288 a.
241 4233 263 4288 Ι.
285 4236 298 4252 ”
338 4275 344 4288 .
523 4228 525 4234 ’

265 4235 346 4393 libbi.
366 4340 407 4395 ep.
426 4324 502 4379 XIII.
523 4324 571 4382 84:
590 4322 661 4378 bella
680 4329 779 4395 gerant
797 4324 852 4394 alli,
871 4324 1040 4380 Protesilaus
1059 4325 1149 4380 amet'.
