3000 4868
638 362 859 428 ..01..

267 561 402 628 XVIII.
423 562 503 626 100:
528 559 624 625 dicar
648 556 821 647 Abydeno
845 557 998 623 Thressa
1021 555 1134 644 puella
1158 566 1243 623 toro.

266 667 390 754 Neque
418 664 759 754 praetermittendum
789 677 857 740 est,
882 663 1062 751 epistulam
1086 663 1210 733 XVIII
1235 661 1336 726 valde

161 796 351 862 congruere
375 794 452 839 cum
477 795 529 860 ep.
548 773 616 841 VII
640 785 674 838 et
697 773 796 856 XIII,
822 794 840 837 e
866 794 933 858 qua
957 771 1102 858 epistula
1126 769 1227 834 etiam
1251 769 1337 836 XVI

159 880 320 947 nonnulla
342 881 505 958 desumit,
530 901 636 968 quare
660 879 717 944 W.
741 878 965 966 Zingerlius1)
988 879 1049 942 has
1074 876 1236 964 epistulas
1268 888 1337 942 tres

160 988 204 1055 ab
229 974 351 1056 eodem
378 999 519 1055 auctore
543 987 753 1074 conscriptas
777 1008 852 1052 esse
877 984 1063 1051 contendit.

271 1096 337 1162 Hic
368 1097 460 1162 dicat
493 1101 580 1160 torte
610 1094 747 1181 aliquis,
777 1095 844 1159 hac
868 1094 942 1180 ipsa
965 1091 1180 1158 similitudine
1205 1104 1239 1159 et
1262 1113 1339 1155 sen-

160 1204 341 1269 tentiarum
373 1215 407 1268 et
436 1202 645 1268 locutionum
678 1201 758 1265 nihil
781 1200 873 1266 aliud
897 1198 1115 1287 comprobari
1139 1219 1251 1286 posse,
1275 1198 1337 1262 nisi

160 1309 322 1396 epistulas
354 1309 440 1377 XVI
471 1321 505 1374 et
537 1309 658 1375 XVIII
691 1308 828 1373 omnino
858 1329 932 1373 esse
963 1304 1097 1384 Ovidii,
1142 1326 1219 1370 cum
1250 1304 1338 1370 inter

165 1438 282 1482 omnes
316 1428 466 1496 constet,
498 1415 661 1480 Ovidium
691 1437 727 1480 se
751 1415 862 1502 ipsum
886 1415 918 1478 in
944 1412 1147 1479 carminibus
1171 1411 1338 1476 imitatum

159 1546 243 1593 esse.
291 1522 361 1589 Sed
393 1525 482 1589 hanc
515 1523 744 1609 suspicionem
774 1521 934 1593 facillime
977 1520 1181 1607 repellemus
1205 1520 1232 1584 si
1257 1540 1339 1585 con-

142 1631 440 1710 sideraverimuS,
474 1631 646 1709 Ovidium,
671 1630 763 1696 nullo
787 1629 891 1695 modo
916 1650 996 1694 suas
1020 1628 1126 1715 ipsius
1150 1627 1339 1692 sententias

158 1734 197 1803 ⁸et
221 1739 430 1829 elocutiones
445 1750 514 1804 tam
530 1739 732 1826 frequenter
748 1749 904 1823 repetere
921 1735 1072 1822 potuisse
1090 1756 1192 1822 quam
1209 1733 1337 1800 factum

162 1858 213 1911 est
236 1847 269 1910 in
300 1848 352 1912 his
382 1847 547 1934 epistulis.¹
586 1845 744 1924 Quarum
767 1843 999 1909 similitudines
1022 1843 1168 1908 maxime
1192 1840 1236 1910 ob
1263 1863 1338 1906 eam

161 1975 300 2020 causam
317 1953 508 2031 offendunt,
525 1952 619 2038 quod
635 1953 669 2017 in
685 1953 765 2038 ipsis
782 1952 969 2038 praecipue
986 1973 1040 2036 ep.
1053 1948 1337 2016 antecedentibus

161 2061 377 2126 continentur
416 2071 519 2146 atque
561 2060 594 2123 in
627 2059 729 2125 certis
764 2070 895 2124 tantum
929 2049 1151 2146 quibusdam,
1198 2078 1265 2121 non
1305 2056 1339 2119 in

162 2164 325 2232 omnibus.
382 2165 516 2231 Eodem
552 2166 702 2252 pertinet
735 2165 829 2253 quod
852 2187 989 2243 versus,
1031 2186 1117 2253 quos
1147 2174 1338 2229 nostrarum

161 2272 381 2358 epistularum
410 2271 557 2357 scriptor
581 2294 599 2362 e
624 2294 685 2337 suo
709 2272 835 2338 iudicio
860 2284 894 2338 et
918 2273 1019 2359 copia
1043 2270 1229 2349 inserebat,
1266 2270 1338 2335 solo

162 2401 203 2444 ex
220 2379 332 2445 studio
350 2380 539 2446 doctrinam
557 2380 720 2466 imprimis
737 2381 1004 2466 mythologicam
1030 2391 1063 2444 et
1080 2379 1202 2444 mentis
1218 2377 1338 2450 aciem,

162 2509 250 2575 quae
292 2487 325 2550 in
364 2487 539 2552 sententiis
585 2487 701 2573 utique
749 2487 835 2552 veris
888 2485 1078 2553 intexendis
1125 2485 1338 2571 observatur,

163 2594 356 2660 ostentandi
381 2609 474 2660 ortos
499 2615 573 2660 esse
597 2607 702 2681 patet.

268 2720 540 2808 Mythologicam
575 2719 766 2788 doctrinam
791 2720 959 2785 invenies:
993 2741 1047 2806 ep.
1072 2719 1165 2787 XVI.
1191 2717 1339 2784 53-58:

268 2827 428 2914 Juppiter
450 2839 487 2892 ut
511 2827 622 2893 soceri
645 2848 795 2914 proavus
819 2839 974 2893 taceatur
999 2832 1033 2892 et
1057 2848 1156 2892 omne

269 2933 474 2999 Tantalidae
498 2933 635 3021 Pelopis
660 2933 905 3021 Tyndareique
930 2934 1045 3001 decus.

269 3041 328 3106 dat
352 3041 431 3110 mihi
455 3041 553 3107 Leda
577 3045 694 3110 Iovem
719 3063 834 3130 cygno
858 3042 1008 3128 decepta
1031 3054 1219 3128 parentem,

271 3170 359 3235 quae
384 3147 502 3214 falsam
526 3151 656 3236 gremio
680 3149 821 3215 credula
845 3149 933 3215 fovit
956 3171 1067 3215 avem.

270 3258 287 3323 I
310 3276 400 3321 nunc
425 3268 459 3321 et
476 3255 649 3344 Phrygiae
673 3256 741 3322 late
764 3257 952 3343 primordia
974 3258 1088 3344 gentis

272 3384 419 3451 cumque
435 3385 496 3429 suo
519 3363 691 3429 Priamum
716 3364 953 3430 Laumedonte
977 3365 1092 3432 refer’.

271 3473 459 3537 209-212.
496 3471 591 3550 Quid
608 3472 651 3538 de
665 3494 719 3537 me
731 3473 858 3559 poterit
869 3471 1006 3559 Sparte,
1027 3473 1110 3560 quid
1120 3471 1254 3539 Achaia
1267 3483 1340 3538 tota

271 3578 354 3666 quid
377 3591 501 3667 gentes
524 3578 622 3645 aliae.
647 3579 811 3667 quidtua
836 3580 944 3646 Troia
967 3579 1080 3667 loqui?

270 3685 366 3764 Quid
389 3685 544 3752 Priamus
569 3687 612 3752 de
637 3709 702 3765 me,
726 3686 853 3752 Priami
877 3688 960 3776 quid
980 3688 1102 3755 sentiet
1117 3710 1204 3754 uxor

271 3805 389 3881 totque
413 3794 462 3858 tui
486 3794 611 3859 tratres
635 3795 920 3882 Dardanidesque
944 3794 1067 3861 nurus?

272 3909 353 3977 2293
378 3901 501 3966 Omnia
524 3901 674 3967 Medeae
697 3900 802 3967 fallax
825 3903 979 3989 promisit
1002 3903 1123 3989 Jason:

271 4007 375 4073 Pulsa
406 4020 459 4074 est
482 4007 633 4074 Aesonia
664 4030 744 4074 num
776 4009 885 4075 minus
908 4009 964 4074 illa
988 4008 1111 4076 domo?

273 4113 352 4181 Non
378 4128 452 4180 erat
475 4114 615 4196 Aeetes,
640 4116 686 4182 ad
709 4138 811 4204 quem
835 4115 999 4203 despecta
1023 4118 1158 4188 rediret.

274 4347 301 4412 1)
321 4346 432 4403 Uuters.
451 4363 476 4418 p.
490 4347 533 4403 31.
