3000 4868
635 277 856 349 „35-

157 483 280 550 totiens
317 494 414 568 rapta
450 494 518 559 est,
548 479 705 568 praebuit
740 481 813 567 ipsa
849 481 931 566 rapi.
957 519 999 526 -
1025 482 1084 544 32:
1110 491 1143 543 et
1179 479 1335 543 iuvenem

160 591 240 656 facti
266 589 473 676 paenituisse
498 583 594 675 patet
620 627 657 635 -
685 587 822 652 Thesea
845 585 1021 672 paenituit.

265 700 325 762 11:
342 709 378 760 at
389 710 537 782 peccant
549 696 647 771 aliae,
664 708 886 781 matronaque
896 716 976 758 rara
989 695 1115 780 pudica
1133 705 1184 757 est
1200 732 1241 740 —
1260 693 1336 779 quis

158 803 318 890 prohibet
342 804 426 868 raris
450 824 572 867 nomen
597 802 707 866 inesse
731 799 868 867 meum?

269 913 349 975 101:
374 932 528 977 cummea
560 909 736 996 virginitas
769 909 858 973 mille
887 909 995 994 petita
1027 909 1156 994 procu,
1179 946 1223 954 —-
1251 908 1279 970 si
1302 919 1336 970 te

160 1018 329 1096 vidissem,
352 1018 481 1103 primus
506 1018 549 1082 de
573 1016 662 1080 mille
687 1017 816 1082 fuisses

271 1127 348 1191 136:
374 1125 490 1189 ferrea
506 1125 579 1202 sim,
602 1125 629 1187 si
654 1145 721 1187 non
746 1125 811 1188 hoc
836 1145 901 1209 ego
918 1136 1040 1208 pectus
1056 1144 1178 1199 amem,
1209 1160 1235 1168 -
1270 1122 1339 1184 ier-

160 1255 228 1317 rea,
255 1232 358 1296 crede
383 1231 480 1295 mihi!
506 1251 573 1295 non
598 1252 681 1296 sum.

273 1341 351 1406 149:
379 1339 411 1402 in
436 1338 558 1402 nostris
583 1338 701 1403 oculos
725 1335 876 1401 vultibus
901 1358 975 1401 esse
1001 1357 1087 1400 reor.

268 1468 330 1511 nec
355 1467 433 1511 reor
456 1446 523 1510 hoc
552 1443 642 1510 salso.

273 1553 351 1617 151:
377 1565 413 1616 at
444 1566 480 1616 tu
512 1552 699 1629 dissimula,
734 1552 795 1616 nisi
824 1552 852 1616 si
885 1551 1049 1617 desistere
1080 1550 1187 1615 mavis
1211 1588 1253 1596 —
1278 1551 1340 1615 sed

161 1683 222 1726 cur
245 1659 411 1726 desistes?
435 1659 645 1725 dissimulare
669 1671 778 1744 potes.

272 1785 350 1853 1512
377 1797 429 1850 est
456 1785 537 1850 data
569 1783 722 1868 libertas,
753 1783 846 1870 quod
870 1783 1049 1848 Menelaus
1073 1783 1190 1860 abest,
1221 1822 1260 1830 -
1286 1782 1340 1846 iile

161 1894 299 1980 quidem
323 1893 442 1979 procul
468 1904 520 1956 est
544 1941 551 1956 .
577 1946 583 1957 .
609 1944 614 1957 .

273 2001 349 2066 193:
374 1999 565 2086 Hypsipyle
590 1999 696 2076 testis,
721 1999 816 2062 testis
840 1999 971 2063 Minoia
996 1999 1093 2084 virgo
1118 2011 1178 2065 est.

270 2108 352 2180 247:
375 2107 427 2170 his
460 2128 545 2194 eg0,
576 2107 602 2170 si
636 2127 793 2191 saperem
833 2106 1004 2191 pauloque
1038 2106 1201 2170 audacior
1231 2127 1340 2169 essem

166 2227 298 2290 uterer:
323 2226 447 2290 utetur,
471 2213 569 2299 siqua
592 2212 705 2298 puella
729 2213 827 2297 sapit.

270 2319 396 2385 XVIII.
422 2322 484 2386 24:
509 2341 610 2405 posse
635 2320 784 2406 quidem,
807 2319 869 2383 sed
894 2334 928 2383 te
952 2319 1041 2383 nolle
1066 2319 1192 2396 venire,
1216 2339 1342 2405 queror

165 2468 207 2476 —
232 2429 383 2514 dumque
408 2449 541 2515 queror.
1133 2480 1135 2484 ,

271 2537 460 2621 29zatque
485 2555 603 2621 rogem
628 2534 671 2598 de
696 2547 741 2611 te,
766 2546 799 2597 et
823 2531 971 2597 scribam
994 2531 1066 2610 tibi,
1090 2533 1194 2619 siquis
1212 2532 1342 2620 Abydo

165 2643 306 2720 venerit,
330 2654 389 2706 aut
413 2662 552 2727 quaero,
575 2641 679 2726 siquis
707 2639 856 2727 Abydon
881 2652 947 2704 eat.

275 2768 334 2833 58:
361 2780 395 2831 et
419 2745 627 2853 duamquam
651 2788 717 2831 non
743 2769 794 2832 vis
819 2767 892 2852 ipse
917 2766 1043 2841 venire,
1069 2767 1173 2834 venis

274 2874 334 2939 95:
359 2895 427 2938 non
451 2895 517 2959 ego
541 2886 611 2938 tam
635 2873 755 2938 uentris
780 2874 883 2937 timeo
908 2894 983 2937 mea
1008 2884 1283 2938 votamorantes
1302 2911 1342 2920 -

169 2999 270 3064 quam
294 2980 408 3045 similis
434 2993 535 3045 vento
559 3002 601 3044 ne
628 2994 704 3046 tuus
728 2992 818 3045 erret
841 3000 947 3046 amor.

277 3086 351 3151 118:
377 3088 572 3153 iamdudum
598 3108 719 3173 pecca,
743 3089 771 3152 si
796 3110 872 3152 mea
896 3086 965 3152 fata
984 3087 1079 3172 'petis
1104 3125 1143 3134 -

274 3194 336 3259 sed
360 3215 470 3280 neque
494 3193 664 3280 peccabis.

280 3300 358 3366 151:
391 3303 526 3366 sternuit
559 3313 593 3365 et
626 3301 757 3380 lumen,
782 3302 893 3388 posito
917 3324 993 3365 nam
1019 3301 1197 3367 scribimus
1222 3302 1277 3365 illo
1307 3340 1343 3350 --

80 3421 83 3427 ’
168 3408 320 3495 sternuit.
368 3456 375 3472 .
424 3457 432 3472 .

158 3586 160 3590 ἲ
281 3515 353 3580 154:
386 3536 529 3602 erasque
562 3517 685 3580 erimus
716 3515 847 3601 plures,
876 3516 999 3603 inquit,
1031 3528 1066 3580 et
1095 3517 1170 3600 ipsa
1195 3515 1279 3580 bibit
1302 3554 1344 3562 —

169 3623 270 3687 effice
287 3607 356 3691 ‘nos
381 3623 506 3709 plures.

277 3729 359 3794 205:
384 3731 411 3794 si
436 3729 497 3795 tibi
521 3753 588 3795 non
611 3730 736 3816 parcis,
762 3730 909 3795 dilectae
933 3752 1039 3817 parce
1062 3731 1208 3816 puellae.
1323 3768 1325 3773 ·

282 3838 334 3908 17:
358 3837 451 3922 quod
476 3837 601 3902 faciam
625 3849 782 3923 superest
805 3848 942 3923 praeter
964 3859 1081 3902 amare
1098 3838 1177 3901 nihil
1193 3835 1237 3886 ⁴4-
1254 3832 1347 3923 quod

171 3956 343 4030 superest,
368 3943 467 4008 facio

279 4069 384 4133 Aliud
415 4081 556 4134 ornatae
590 4071 760 4163 orationes
790 4069 1033 4158 documentum
1056 4069 1199 4156 praebet
1216 4091 1348 4157 vmagna

75 4264 78 4269 Ι
172 4177 272 4262 copia
304 4177 537 4262 oppositarum
569 4199 702 4255 verum,
734 4199 822 4263 quae
853 4178 972 4241 mirum
1010 4177 1041 4241 in
1067 4178 1205 4242 modum
1229 4177 1347 4242 iisdem

173 4283 243 4349 fere
268 4282 382 4348 verbis
407 4284 632 4348 continentur.
679 4283 808 4349 Notavi
832 4285 934 4350 haec:
