3000 4868
632 313 827 397 ..7-

146 520 261 585 delata
298 534 367 599 est,
403 522 459 608 qui
497 521 658 606 epistulas
694 519 738 582 ad
774 540 875 582 unam
907 539 1022 582 omnes
1047 516 1161 581 Ovidii
1185 510 1321 604 ingenio

146 630 359 714 dignissimas
384 651 457 693 esse
482 641 580 714 putat
605 641 638 691 et
663 627 823 711 imprimis
849 647 895 691 ex,
915 625 1131 688 similitudine
1156 625 1320 688 sermonis

149 750 182 800 et
219 737 300 800 artis
336 735 526 800 Ovidianae
570 735 613 799 ab
650 736 716 798 hoc
753 755 813 815 eas
846 733 990 817 scriptas
1027 753 1100 795 esse
1137 732 1320 795 contendit.

149 843 412 929 Argumentatio
437 842 550 906 hercle
575 864 683 927 prava
708 855 741 904 et
765 841 891 904 inanis!
929 839 1018 902 Tum
1043 839 1283 903 Lachmannus
1299 843 1321 921 ¹)

148 952 284 1025 exstitit,
310 951 367 1037 qui
393 948 578 1014 rationibus
602 950 748 1012 maxime
773 949 920 1012 metricis
945 959 979 1011 et
1002 947 1213 1034 prosodiacis
1245 969 1323 1010 usus

146 1081 216 1122 rem
253 1059 300 1122 ita
336 1059 416 1144 egit.
453 1072 489 1120 ut
525 1079 543 1120 e
578 1054 823 1141 posterioribus
859 1054 1011 1140 epistulis
1045 1077 1097 1139 ep.
1126 1053 1207 1130 XV,
1228 1053 1324 1131 XVI,

147 1165 265 1229 XVIII
299 1165 400 1250 plane
439 1165 624 1240 refutaret,
660 1164 703 1227 de
735 1162 872 1247 reliquis
907 1162 1135 1226 dubitationes
1162 1174 1323 1224 moveret.

148 1273 238 1338 Illius
263 1273 451 1336 sententiae
475 1272 561 1334 inter
585 1271 668 1334 alios
692 1271 838 1334 accessit
855 1269 1081 1352 Merkelius2)
1106 1272 1163 1355 qui
1178 1291 1231 1354 ep.
1244 1268 1325 1345 XV,

147 1381 259 1456 XVII,
290 1379 377 1443 XIX
408 1379 523 1441 reiecit
554 1391 589 1442 et
619 1400 707 1464 quae
740 1377 981 1441 Lachmannus
1013 1377 1056 1440 de
1090 1399 1144 1462 ep.
1179 1375 1266 1440 XVI
1291 1389 1326 1440 et

147 1488 265 1552 XVIII
291 1499 486 1563 monuerat,
519 1485 642 1570 partim
673 1484 831 1570 probavit
864 1485 986 1570 partim
1012 1485 1234 1570 impugnavit,
1261 1484 1323 1548 sed

149 1618 202 1680 ep.
228 1593 324 1670 XVI,
348 1593 477 1669 XVIII,
501 1592 583 1656 XIII
615 1592 658 1656 ab
692 1593 813 1656 eodem
845 1600 948 1676 poeta
981 1592 1192 1676 conscriptas
1218 1591 1323 1654 videri

147 1702 291 1765 disserit.
341 1701 473 1764 Primus
505 1714 619 1764 autem
651 1711 770 1764 contra
811 1699 1023 1762 Lachmanni
1057 1699 1252 1783 opinionem
1284 1697 1326 1762 L.

147 1809 367 1887 Muellerus³l
408 1820 477 1871 tres
516 1819 649 1870 tantum
690 1806 863 1892 epistulae,
906 1805 988 1881 XV,
1028 1804 1129 1882 XVI,
1165 1804 1252 1869 XIX
1292 1819 1327 1869 et

150 1916 294 1980 ellsionis
320 1916 450 1978 ratione
483 1928 515 1978 et
547 1915 667 1999 positis
700 1915 731 1976 in
757 1915 822 1976 fine
847 1913 1034 1976 hexametri
1059 1913 1281 2000 polysyllabis
1305 1934 1326 1976 a

150 2031 273 2108 poetae
299 2045 360 2085 usu
387 2035 420 2086 et
445 2022 691 2086 consuetudine
715 2022 816 2106 plane
833 2020 1018 2084 abhorrere
1035 2034 1069 2084 et
1086 2021 1326 2107 suppositicias

149 2152 222 2193 esse
247 2128 418 2214 probavit.
456 2128 557 2190 Nova
574 2128 704 2191 ratione
728 2129 807 2190 inita
825 2127 1138 2213 Eschenburgiusl)
1164 2128 1326 2214 epistulas

148 2236 357 2299 indubitatas
389 2257 467 2298 cum
496 2235 554 2308 iis,
590 2234 633 2297 de
666 2232 787 2318 quibus
820 2233 1050 2298 dubitationes
1090 2236 1325 2313 movebantur,

152 2354 329 2427 comparat
367 2353 400 2405 et
436 2340 537 2404 rebus
573 2341 723 2404 memes
759 2354 793 2404 et
828 2343 1039 2425 prosodiacis
1075 2342 1242 2407 subtiliter
1277 2344 1326 2405 in-

149 2451 327 2536 vestigatis
367 2449 411 2513 ad
451 2450 540 2511 hunc
579 2448 672 2511 venit
707 2448 853 2540 exitum,
889 2462 926 2510 ut
961 2449 1124 2533 epistulas
1161 2451 1324 2535 imprimis

149 2558 355 2642 posteriores
388 2577 448 2619 sex
483 2550 698 2619 difficultates
727 2553 894 2638 praebere
926 2555 1073 2631 diceret,
1106 2579 1193 2641 quae
1235 2558 1325 2621 nullo

149 2665 251 2728 modo
286 2665 439 2728 excusari
473 2663 526 2726 vel
559 2662 725 2727 removeri
750 2674 900 2748 possent.
949 2662 1015 2726 Alii
1043 2664 1125 2748 quid
1159 2666 1325 2729 senserint

149 2774 286 2846 omitto;
313 2771 597 2835 considerandum
623 2781 736 2833 autem
761 2781 824 2845 est,
850 2791 967 2832 omnes
991 2769 1066 2834 illos
1084 2771 1173 2835 viros
1191 2763 1324 2846 doctos⁹

148 2878 371 2964 quiOvidium
385 2878 620 2942 nonnullorum
635 2877 686 2939 vel
701 2877 849 2940 omnium
863 2877 1089 2961 posteriorum
1104 2879 1323 2963 epistularum

148 2998 323 3049 auctorem
361 3006 434 3047 esse
470 2995 700 3070 negaverunt,
736 2984 802 3047 iam
840 3005 903 3069 pro
940 2984 1119 3069 explorato
1155 2985 1323 3064 habuisse,

151 3113 267 3156 omnes
298 3092 460 3177 epistulas
492 3092 612 3156 eodem
645 3104 798 3175 tempore
830 3091 874 3155 ab
899 3091 1023 3155 Ovidio
1049 3093 1195 3177 scriptas
1219 3107 1323 3180 atque

150 3199 257 3262 editas
290 3221 375 3262 esse.
430 3199 529 3262 Hanc
560 3199 662 3284 igitur
698 3199 891 3283 opinionem
925 3199 980 3262 Al.
1017 3199 1189 3279 Riesius5)
1223 3204 1324 3265 vehe-

149 3319 279 3370 menter
296 3307 517 3392 impugnarit,
536 3306 627 3391 quod
645 3307 736 3370 nullo
747 3307 938 3370 testimonio
952 3307 1152 3384 firmaretur,
1162 3309 1323 3372 Ovidium

149 3434 266 3477 omnes
298 3413 459 3498 epistulas
493 3434 560 3475 uno
592 3425 710 3476 tenore
741 3415 1000 3498 conscripsisse,
1025 3415 1126 3477 immo
1159 3416 1203 3478 ad
1235 3417 1322 3481 hanc

127 3503 350 3583 ¹sententiam
375 3520 566 3594 inclinavit,
598 3533 635 3583 ut
667 3520 841 3584 Nasonem
876 3521 1068 3605 posteriora
1092 3521 1147 3584 illa
1172 3524 1322 3587 carmina

147 3627 320 3713 aliquanto
345 3640 423 3712 post
447 3627 591 3712 primam
617 3627 812 3704 editionem,
838 3648 913 3691 cum
939 3629 1003 3691 iam
1029 3630 1062 3690 in
1087 3630 1206 3692 exsilio
1223 3644 1322 3708 esset,

257 3862 282 3922 1)
303 3858 424 3912 Lachm:
444 3859 491 3914 le
513 3876 538 3927 p.
553 3861 577 3912 1.

255 3949 282 4012 2)
303 3949 401 4002 Merk:
422 3950 450 4001 iu
469 3949 502 4002 ed
520 3949 605 4016 praef.
619 3966 644 4017 p.
659 3950 691 4002 X.

255 4040 282 4101 3)
303 4038 332 4091 L.
346 4038 474 4092 Mueller:
501 4038 518 4092 l.
533 4055 554 4092 e.
568 4055 592 4106 p.
606 4040 641 4094 48
667 4045 695 4093 et
714 4040 742 4092 in
761 4055 851 4093 museo
870 4041 944 4093 rheu.
964 4040 1058 4093 XVIII
1077 4035 1139 4107 pag.
1153 4041 1267 4095 87-89.
1287 4073 1320 4080 —

256 4128 283 4194 4)
302 4127 451 4182 urerent:
471 4128 489 4183 1.
503 4144 525 4183 e.
538 4146 563 4197 p.
578 4132 600 4183 1.

255 4217 281 4284 5)
304 4216 346 4270 Al.
360 4216 455 4272 Riese:
485 4218 512 4271 in
533 4218 572 4273 ed.
595 4222 616 4273 1.
636 4219 720 4288 praef.
739 4236 764 4287 p.
780 4221 814 4273 10
842 4226 869 4274 et
895 4219 921 4272 in
942 4219 1066 4274 Bursiani
1092 4221 1181 4274 annal.
1205 4223 1320 4289 1874s75

147 4323 173 4378 p.
185 4308 247 4375 234,
268 4312 295 4360 et
314 4306 340 4359 in
361 4307 449 4361 annal.
470 4308 534 4376 phil.
554 4313 582 4362 et
600 4309 676 4377 paeri.
700 4309 776 4365 1874.
796 4325 821 4378 p.
835 4311 894 4364 569.
