3000 4868
631 339 850 402 ..00-

266 534 406 599 crimina
430 555 511 597 vera
535 533 639 611 iubet,
664 535 752 599 falsa
775 521 894 598 timere
919 543 1021 596 vetat.

269 642 346 706 115:
364 663 384 705 o
401 641 529 704 utinam
545 641 675 706 veniasl
693 654 751 705 aut
768 654 804 706 ut
821 653 985 705 ventusve
1002 653 1144 726 paterve
1162 663 1334 731 causaque

158 749 200 812 sit
224 760 317 812 certe
342 749 464 812 lemina
488 747 579 812 nulla
603 770 729 812 morae.

266 875 292 939 I.
318 872 385 938 59-
408 874 461 940 03:
495 873 646 960 quisquis
679 874 723 938 ad
753 874 839 938 haec
863 873 964 938 vertit
988 860 1203 960 peregrinam
1227 874 1334 938 litora.

159 981 302 1067 puppim
335 1019 377 1027 -
411 980 464 1044 ille
497 981 575 1043 mihi
609 980 652 1045 de
684 992 718 1045 te
743 980 847 1045 multa
872 992 1012 1067 rogatus
1035 980 1116 1045 abit.
1164 1002 1334 1066 quamque

161 1088 228 1153 tibi·
245 1088 377 1166 reddat,
402 1088 428 1152 si
454 1100 488 1152 te
512 1087 613 1152 modo
638 1087 761 1152 viderit
785 1110 929 1175 usquam
954 1088 1097 1152 traditur
1120 1087 1336 1174 bule-digitis

160 1196 279 1260 charta
315 1207 447 1260 morata
481 1195 579 1277 meis3
614 1193 736 1261 XVIII
774 1203 831 1261 29:
867 1207 971 1281 atque
1007 1217 1124 1282 rogem
1160 1196 1203 1260 de
1235 1207 1268 1260 te
1302 1206 1337 1259 et

160 1302 306 1367 scribam
332 1301 392 1367 tibi
419 1303 523 1389 siquis
548 1301 677 1389 Abydo
702 1302 831 1367 venerit
854 1313 924 1380 aut,
948 1324 1088 1389 quaero,
1113 1303 1216 1389 siquis
1239 1300 1338 1389 Aby-

162 1410 230 1474 don
255 1422 320 1474 eat.
346 1447 388 1456 -
607 1430 611 1437 ·

268 1538 296 1601 Ι.
316 1535 350 1605 7]
366 1558 373 1598 :
392 1534 473 1620 quid
490 1535 636 1611 timeam,
653 1535 784 1621 ign0r0,
800 1535 903 1600 timeo
920 1548 1033 1599 tamen
1050 1534 1163 1599 omnia
1180 1534 1336 1609 demens3

160 1643 184 1710 I.
214 1651 266 1708 lt:
293 1664 347 1706 res
372 1653 422 1706 est
445 1641 588 1706 sollicita
611 1642 713 1727 plena
737 1642 865 1706 tImoris
888 1663 997 1724 arnor;

269 1748 399 1815 XVIII.
438 1757 514 1816 109:
554 1749 667 1813 omnia
700 1749 760 1813 sed
799 1770 931 1826 vereor,
967 1749 1042 1836 quis
1075 1749 1162 1831 enim
1194 1770 1336 1814 securus

162 1855 307 1921 amavit?

269 1983 398 2047 lterum
431 2003 485 2068 ep.
516 1979 566 2044 IV
597 1981 664 2046 huc
695 1981 858 2065 pertinet,
888 1982 921 2045 in
957 2003 1025 2067 qua
1061 1982 1155 2046 varia
1189 1981 1337 2048 virorum

163 2089 300 2175 negotia
325 2100 360 2152 et
383 2088 452 2152 Iudi
476 2088 595 2152 iisdem
618 2109 728 2172 paene
746 2087 857 2152 verbis
874 2101 977 2176 atque
994 2089 1027 2152 in
1044 2088 1189 2174 epistula
1205 2086 1337 2154 XVIII.

162 2194 401 2260 describuntur
426 2218 457 2259 v.
483 2196 539 2260 90:
572 2215 635 2259 vos
659 2195 761 2259 modo
786 2196 959 2272 venand0‚
995 2195 1097 2260 modo
1123 2217 1179 2260 rus
1202 2193 1338 2282 geniale

163 2302 307 2367 colendo
347 2341 380 2348 -
414 2303 537 2387 ponitis
570 2303 603 2365 in
637 2303 730 2381 varia
762 2314 917 2388 tempora
951 2302 1053 2389 longa
1085 2324 1179 2366 mora
1213 2339 1254 2348 -ω
1279 2313 1340 2367 aut

164 2409 237 2474 fora
272 2431 332 2474 vos
366 2411 527 2488 retinent,
558 2421 616 2474 aut
650 2421 772 2475 unctae
805 2410 895 2475 dona
918 2411 1109 2495 palaestrae
1133 2448 1176 2456 —
1200 2408 1340 2474 flectitis

164 2530 223 2581 aut
257 2519 357 2582 freno
391 2517 479 2582 colla
510 2519 668 2603 sequacis
699 2519 777 2604 equi
810 2553 844 2566 —
885 2539 975 2582 nunc
1007 2517 1179 2583 volucrem
1204 2518 1341 2603 laque0,

164 2647 253 2690 nunc
286 2627 414 2711 piscem
446 2625 568 2694 ducitiS
598 2627 700 2691 hamo
737 2665 773 2674 --
811 2626 948 2690 diluitur
985 2626 1098 2711 posito
1123 2625 1230 2690 serior
1254 2626 1342 2690 hora

166 2754 260 2797 mero
285 2771 327 2780 -
352 2756 405 2819 ep.
431 2731 490 2801 IV.
518 2734 557 2806 79
582 2755 681 2819 sequ:

273 2841 343 2904 sive
368 2840 495 2905 ferocis
520 2841 597 2927 equi
623 2841 785 2906 luctantia
810 2840 896 2905 colla
921 2861 1077 2905 recurras

277 2948 402 3034 exiguo
426 2947 535 3012 flexus
560 2949 669 3012 minor
692 2949 724 3010 in
749 2946 833 3012 orbe
857 2947 964 3032 pedes

273 3076 333 3119 seu
359 3054 485 3118 lentum
510 3054 622 3118 valido
647 3068 785 3140 torques
809 3055 928 3119 hastile
953 3055 1082 3119 lacerto

273 3185 333 3227 ora
357 3162 455 3226 ferox
480 3162 513 3225 in
537 3183 574 3226 se
598 3183 697 3226 versa
720 3162 868 3227 lacertus
892 3161 1008 3229 habet.

275 3271 346 3335 sive
372 3283 490 3335 tenens
514 3270 583 3334 lato
607 3269 775 3334 venabula
801 3291 926 3336 cornea
951 3269 1040 3334 ferro

275 3378 422 3463 denique
447 3389 562 3442 nostra
588 3379 681 3442 iuvas
707 3378 843 3455 lumina,
867 3377 1030 3464 quicquid
1054 3386 1160 3464 agas‘.

277 3483 445 3551 Conferas
481 3486 582 3550 etiam
619 3485 770 3549 eiusdem
806 3506 859 3570 ep.
895 3483 956 3552 IV.
994 3507 1023 3553 v.
1051 3486 1086 3553 9:
1134 3485 1245 3571 pudor
1290 3498 1345 3551 est

169 3594 361 3658 miscendus
401 3593 508 3657 amori
552 3631 584 3640 -
622 3593 734 3657 dIcere
771 3613 859 3679 quae
894 3593 1030 3679 puduit,
1063 3591 1212 3658 scribere
1248 3592 1369 3659 iussit·

168 3723 264 3765 amor
274 3725 282 3776 ;
319 3722 371 3785 ep.
402 3700 538 3777 XVIII,
583 3701 656 3773 173:
688 3721 777 3765 nunc
809 3699 896 3764 male
930 3721 984 3764 res
1017 3701 1152 3764 iunctae
1184 3700 1278 3766 calor
1310 3713 1346 3766 et

170 3808 361 3872 reverentia
392 3819 547 3894 pugnant
584 3845 618 3853 —
654 3808 698 3872 cf.
732 3829 784 3893 ep.
816 3807 875 3872 IV.
908 3807 984 3873 154:
1017 3807 1099 3893 quid
1130 3807 1253 3872 deceat
1275 3829 1344 3873 non

172 3915 264 3979 videt
289 3914 375 3978 ullus
399 3935 527 3978 amans.

278 4019 338 4088 IV.
356 4022 413 4086 38:
440 4034 491 4086 est
514 4022 594 4085 mihi
619 4044 681 4109 per
706 4042 827 4086 saevas
852 4021 997 4106 impetus
1021 4021 1069 4085 ire
1093 4022 1194 4090 feras.

277 4128 407 4196 XVIII.
439 4131 517 4193 Inl:
561 4130 610 4194 ire
645 4128 729 4195 libet
762 4129 891 4194 medias
927 4128 990 4214 ipsi
1025 4129 1107 4195 mihi
1143 4149 1246 4215 saepe
1282 4150 1349 4215 per

175 4238 291 4305 undas.

278 4344 336 4413 IV.
353 4347 388 4421 23
413 4344 513 4410 mittit
536 4342 725 4411 Amazonio
750 4343 875 4410 Cressa
898 4342 1012 4431 puella
1035 4343 1118 4410 viro.
