3000 4868
643 355 867 418 *02-

274 547 354 613 Non
379 547 479 635 Idyia
503 570 626 634 parens
651 550 907 638 Chalciopeque
933 551 1050 620 soror’.

276 662 338 722 247
350 682 364 722 :1
382 654 438 720 An
462 656 538 720 tera
562 655 743 722 Centauris
765 658 915 724 indicere
939 657 1029 724 bella
1053 662 1168 747 coegit

277 758 416 829 Atracis
440 763 647 829 Haemonios
672 764 903 851 Hippodamia
928 765 1027 832 viros.

163 912 174 927 ι,
276 881 313 934 tu
338 869 414 947 fore
439 881 508 934 tam
533 871 629 948 iusta,
655 871 781 936 lentum
805 872 989 937 Menelaon
1012 873 1045 936 in
1069 873 1120 937 ira

276 988 309 1042 et
332 977 487 1064 geminos
510 977 634 1042 fratres
658 978 949 1065 Tyndareumque
972 979 1095 1065 putas?

276 1081 395 1150 Ledae
420 1083 539 1150 fabula
563 1084 639 1170 plus
663 1107 730 1149 uno
754 1086 831 1150 loco
857 1098 1023 1152 narratur:

277 1189 329 1255 45.
353 1190 476 1255 Matris
509 1192 542 1254 in
574 1191 722 1256 admisso
750 1192 838 1256 falsa
862 1191 924 1257 sub
950 1193 1096 1280 imagine
1121 1194 1215 1258 lusae
1239 1178 1361 1271 error]

168 1297 265 1375 inest,
289 1296 405 1384 pluma
430 1309 541 1363 tectus
566 1297 700 1364 adulter
724 1311 806 1366 erat.

166 1454 168 1459 .
229 1421 231 1424 ’
276 1405 328 1469 49.
353 1402 413 1470 Illa
437 1403 524 1473 behe
549 1406 674 1470 erravit
704 1406 890 1492 vitiumque
914 1419 1055 1472 auctore
1080 1408 1236 1486 redemit,
1261 1408 1346 1472 felix

162 1510 327 1597 inculpa
352 1533 419 1598 quo
443 1513 525 1577 Iove
549 1513 646 1578 dicar
670 1512 757 1600 ego?
835 1578 838 1585 .

276 1618 328 1683 55.
353 1619 412 1684 dat
446 1620 525 1684 mihi
556 1619 655 1685 Leda
681 1621 803 1686 lovem
836 1642 949 1708 cygno
985 1620 1133 1708 decepta
1156 1633 1359 1707 parentem,-

166 1747 261 1812 quae
285 1725 403 1790 falsam
426 1727 557 1814 gremio
583 1728 722 1804 credula
746 1727 829 1793 fovit
852 1750 962 1796 avem.

275 1833 330 1898 Ex
356 1855 412 1921 ep.
429 1834 561 1912 XVIII,
585 1835 837 1900 animadvertas
861 1834 976 1903 velim:

235 1992 238 1997 .
279 1948 356 2007 123:
388 1940 545 2019 Forsitan
583 1943 628 2007 ad
660 1954 803 2027 pontum
840 1937 948 2006 mater
979 1943 1036 2029 pia
1068 1943 1199 2007 venerit
1229 1942 1346 2008 Helles

165 2068 360 2135 mersaque,
373 2049 494 2113 roratis
517 2060 598 2112 nata
621 2048 742 2112 fleatur
764 2048 869 2134 aquis.
1251 2042 1254 2049 ’

281 2180 357 2239 13οι
400 2171 437 2237 Si
482 2194 592 2259 neque
632 2171 826 2260 Amymone
865 2194 942 2238 necv
966 2172 1197 2238 laudatissima
1236 2172 1346 2239 forma

278 2279 425 2344 criminis
449 2294 501 2345 est
524 2279 622 2367 Tyro
647 2279 758 2345 fabula
786 2303 874 2344 vana
899 2281 956 2348 tui.

276 2385 479 2472 Lucidaque
504 2386 661 2474 Alcyone
686 2387 885 2474 Calyceque
910 2388 1131 2452 Hecataeone
1156 2400 1244 2452 nata.

277 2506 311 2557 et
335 2494 487 2559 nondum
510 2495 605 2559 nexis
629 2516 741 2581 angue
766 2494 913 2558 Medusa
938 2495 1043 2559 comis

274 2600 432 2687 flavaque
456 2599 608 2666 Laodice
633 2602 798 2688 caeloque
823 2614 964 2686 recepta
988 2600 1138 2665 Celaena

275 2720 309 2772 et
337 2730 479 2794 quarum
505 2709 640 2773 memini
664 2709 799 2773 nomina
822 2708 911 2772 lecta
935 2708 1024 2772 mihi.

280 2823 357 2881 175:
382 2815 430 2881 Ut
455 2816 559 2880 semel
584 2816 720 2880 intravit
737 2814 885 2890 Colchos
910 2814 1085 2901 Pegaseus
1109 2816 1214 2900 Jason

279 2922 470 3008 impositam
495 2922 606 2987 celeri·
620 2921 769 2986 Phasida
792 2943 910 3007 puppe
935 2922 1026 2988 tulit:

276 3040 314 3093 ut
336 3029 441 3094 semel
464 3031 588 3095 Idaeus
612 3028 873 3095 Lacedaemona
898 3029 989 3093 venit
1013 3029 1146 3094 adulter

278 3157 355 3202 cum
380 3136 511 3223 praeda
534 3135 632 3200 rediit
657 3136 813 3222 protinus
837 3136 891 3200 ille
914 3158 984 3201 sua.

281 3264 359 3329 103:
383 3261 474 3327 Nam
514 3282 575 3327 cur
607 3264 674 3327 huc
710 3262 817 3327 vectis
849 3261 978 3326 Phrixo
1008 3261 1194 3347 Phrixique
1226 3281 1344 3325 sorore

171 3371 244 3437 sola
269 3370 363 3436 dedit
386 3370 489 3435 vastis
513 3370 640 3434 femina
665 3390 787 3434 nomen
810 3368 929 3456 aquis?

278 3477 365 3543 Loci
393 3477 539 3564 denique
571 3498 769 3543 communes
795 3490 978 3543 occurrunt
1002 3477 1052 3542 hi:
1085 3476 1148 3561 Ep.
1172 3477 1262 3542 XVI.
1287 3475 1344 3540 39:

170 3586 232 3651 sed
249 3586 326 3672 quia
344 3585 526 3650 credulitas
543 3585 667 3650 damno
691 3584 777 3649 solet
802 3605 876 3649 esse
902 3583 1038 3670 puellis;
1063 3585 1119 3652 ll:
1145 3595 1180 3647 at
1196 3593 1346 3669 peccant

170 3694 268 3771 aliae,
293 3705 514 3780 matronaque
532 3715 609 3757 rara
625 3690 751 3779 pu‘dica
768 3704 820 3757 est
826 3716 834 3768 3
863 3691 941 3756 145:
959 3691 1102 3769 Felices,
1126 3689 1249 3777 quibus
1265 3709 1345 3753 usus

170 3801 285 3867 adestl
324 3801 405 3872 147;
437 3802 510 3887 ipse
534 3800 623 3865 malo
657 3811 767 3864 metus
796 3812 860 3882 est3
896 3798 975 3871 167:
1008 3798 1101 3862 fama
1132 3817 1269 3884 quoque
1293 3807 1346 3860 est

170 3909 282 3975 oneri:
308 3930 478 3995 namquo
503 3907 713 3972 constantius
738 3928 798 3970 ore
822 3945 864 3952 —
883 3904 1061 3971 laudamur
1078 3917 1202 3988 vestro,
1227 3903 1345 3967 iustius

170 4016 224 4081 ille
250 4017 353 4083 timet.

281 4125 357 4189 191:
382 4134 495 4186 certus
528 4122 561 4184 in
584 4119 773 4205 hospitibus
798 4142 866 4185 non
891 4130 943 4184 est
966 4140 1080 4196 amor,
1106 4129 1196 4182 errat
1219 4129 1256 4181 ut
1280 4116 1346 4202 ipsi

282 4232 364 4296 130:
388 4229 488 4294 tarda
511 4229 598 4292 solet
622 4226 754 4314 magnis
777 4225 879 4291 rebus
903 4227 1012 4291 inesse
1036 4223 1137 4290 lidesl

279 4338 345 4425 Ep.
369 4338 497 4404 XVIII.
522 4337 559 4402 3:
599 4337 718 4421 Longa
750 4353 845 4400 mora
879 4345 932 4400 est
964 4331 1062 4399 nobis
1095 4331 1218 4411 omnis,
1255 4353 1344 4418 quae
