3000 4868
662 314 792 378 *04
844 351 882 360 ..

186 510 305 573 versus
341 508 477 573 omnino
512 521 647 586 carent,
679 508 878 595 Propertius
910 508 960 574 bis
993 532 1033 573 ea
1065 509 1185 587 utitur,
1218 509 1364 575 Ovidius

185 615 258 701 ipse
291 615 323 680 in
357 636 424 680 am.
449 614 542 680 libris
572 638 638 681 non
672 616 837 693 admittit,
867 637 1009 703 perraro
1040 616 1073 680 in
1105 616 1229 682 ceteris
1259 628 1363 703 atque

185 721 291 786 semel
315 722 348 786 in
372 744 401 787 a.
434 744 465 799 a,
497 733 549 786 ter
576 722 610 785 ln
640 744 722 788 rem.
746 744 816 796 am;
847 734 969 810 quater
992 723 1025 787 ln
1049 722 1162 800 lastis,
1194 723 1306 788 sexies
1330 723 1363 787 in

185 829 282 906 trist,
306 829 386 893 item
404 829 437 893 in
454 851 506 914 ep.
524 852 567 893 ex
583 828 634 907 Ρ.,
651 830 683 893 in
701 829 853 915 epistulis
870 829 1016 916 denique
1033 851 1136 894 unum
1153 829 1362 915 exemplum:

185 957 240 1022 ep.
264 936 323 1004 IX.
358 936 397 1009 70
424 935 640 1003 Gebhardius
671 936 818 1002 exhibet.
866 936 915 1001 At
934 937 978 1000 in
1003 958 1055 1022 ep.
1076 957 1213 1023 quoque
1236 936 1364 1005 XVIII
1392 991 1394 995 .

186 1064 217 1107 v.
247 1044 325 1110 138:
351 1044 462 1129 ,molle
487 1043 574 1123 latus
598 1044 695 1109 lateri
726 1044 958 1130 composuisse
990 1047 1058 1109 tuo‘
1084 1057 1118 1109 et
1142 1044 1174 1108 in
1199 1066 1251 1130 ep.
1275 1043 1363 1112 XVI

189 1151 265 1217 190:
304 1151 441 1216 flamma
481 1172 601 1228 recens
639 1172 747 1238 parva
786 1172 905 1236 sparsa
946 1151 1073 1216 resedit
1108 1158 1208 1237 aqua‘
1253 1150 1363 1216 eidem

186 1257 319 1322 formae
344 1256 561 1323 adtribuendi
585 1271 671 1323 sunt.
717 1257 841 1343 Neque
865 1258 962 1322 aliter
985 1280 1021 1323 se
1046 1279 1099 1323 res
1123 1257 1228 1323 habet
1251 1258 1284 1321 in
1310 1279 1364 1344 ep.

184 1362 315 1433 XVIII.
336 1365 413 1433 180:
440 1365 620 1442 exitushic
646 1365 761 1431 fractis
778 1364 949 1452 puppibus
967 1387 1042 1430 esse
1058 1366 1185 1432 solet‘.'
1214 1364 1365 1430 Accedit

186 1471 279 1558 quod
320 1470 452 1536 illorum
488 1493 648 1537 versuum
690 1472 837 1540 formae:
872 1471 974 1558 badja
1008 1485 1041 1537 et
1072 1471 1177 1559 abssla
1208 1493 1251 1536 ne
1280 1493 1364 1537 con·

186 1578 334 1643 sentiunt
358 1579 495 1665 quidem
521 1600 597 1645 cum
622 1579 694 1644 aliis
719 1579 882 1644 eiusmodi
911 1579 1045 1667 figuris,
1078 1600 1166 1666 quae
1189 1577 1363 1644 adhibitae

152 1678 155 1683 ’
186 1686 321 1750 suntin
345 1686 418 1751 aliis
441 1686 656 1758 carminibus.

295 1792 344 1874 Ut
374 1794 486 1859 omnia
509 1815 599 1882 quae
623 1794 889 1873 commemoravi
913 1792 1009 1858 brevi
1033 1793 1066 1858 in
1091 1806 1278 1880 conspectu
1302 1814 1365 1879 po·

187 1921 281 1979 nam,
315 1900 460 1987 primurn
493 1902 640 1966 metricis
672 1915 706 1966 et
736 1901 947 1988 prosodiacis
979 1900 1165 1967 rationibus
1193 1900 1364 1966 adductus

184 2029 276 2085 sum,
305 2020 343 2072 ut
372 2007 531 2094 epistulas
564 2009 654 2076 XVI.
680 2020 713 2072 et
736 2009 861 2076 XVIlIt
892 2008 936 2074 ab
962 2008 1087 2074 Ovidio
1120 2006 1362 2091 abiudicarem.

181 2113 382 2205 ‘Accedunt‘
401 2136 524 2180 causae
556 2136 598 2178 ex
630 2127 704 2179 arte
735 2116 976 2202 grammatica,
1009 2115 1149 2202 dicendi*
1177 2127 1211 2179 et
1244 2110 1363 2178 versus

187 2221 413 2308 componendi
452 2212 584 2287 ratione
622 2223 767 2309 petitae;
810 2235 881 2287 tum
920 2223 1162 2287 sententiarum
1201 2241 1363 2299 conexus,

186 2329 392 2396 locutionum
417 2328 522 2407 color,
547 2330 711 2394 sermonis
736 2330 821 2394 ratio
847 2329 1008 2407 Indicant,
1034 2329 1194 2394 Ovidium
1212 2329 1272 2392 has
1289 2327 1365 2414 epi-

180 2436 290 2503 stulas
314 2457 382 2502 non
404 2436 591 2523 scripsisse.
638 2435 720 2514 Quo
745 2436 848 2502 modo
872 2458 927 2501 me
950 2436 1135 2523 paullulum
1156 2436 1222 2500 hac
1238 2421 1364 2500 disser-

186 2534 314 2609 tatione
338 2543 491 2609 attulisse
514 2555 598 2630 puto
623 2543 668 2609 ad
691 2543 891 2609 solvendam
915 2544 1158 2630 quaestionem,
1182 2565 1262 2608 num
1279 2541 1363 2606 Ovi·

185 2651 260 2717 dius
293 2671 410 2715 omnes
441 2672 526 2737 quas
558 2651 702 2738 legimus
735 2650 895 2737 epistulas
932 2651 1090 2717 heroidas
1122 2649 1364 2737 composuerit.

186 2758 303 2844 Atque
326 2758 406 2823 mihi
430 2758 568 2846 quidem
592 2780 791 2844 persuasum
816 2769 877 2836 est,
902 2758 1077 2823 Nasonem
1101 2759 1186 2824 duas
1203 2757 1275 2822 illas
1292 2755 1366 2842 epi-

185 2865 291 2934 stulas
321 2864 471 2931 scribere
501 2885 568 2930 non
599 2865 751 2952 potuisse
775 2876 810 2929 et
832 2876 932 2952 puto,
960 2865 1107 2952 reliquas
1131 2885 1268 2952 quoque
1292 2855 1366 2950 epi-

185 2974 290 3038 stulas
323 2971 403 3037 inde
431 2971 476 3037 ab
510 2993 562 3058 ep.
592 2972 681 3040 XIV.
714 2972 834 3037 iisdem
863 2973 990 3052 causis,
1024 2994 1108 3058 quas
1145 2970 1289 3059 protuli,
1317 2970 1364 3036 ab

187 3081 313 3147 Ovidio
337 3078 582 3144 abiudieandas
607 3100 692 3145 esse.
742 3119 743 3122 =
