3000 4868
684 323 880 389 .-8,

182 520 381 604 ,perfecisse
405 533 552 607 putaret.
594 521 800 587 Coniectura
824 523 911 588 haec
936 522 1042 586 Riesii
1067 535 1127 605 est,
1153 544 1242 608 quae
1267 525 1368 588 certis

193 629 391 693 testimoniis
425 630 565 695 delendi
601 651 668 694 non
703 641 834 715 potest,
869 630 931 694 sed
966 630 1151 694 admodum
1187 633 1368 715 commoda

194 736 385 812 videbatur,
409 738 455 802 ita
480 750 516 802 ut
541 737 634 801 multi
659 759 790 802 summa
814 738 978 802 industria
1003 738 1143 802 efficere
1179 739 1369 816 studerent,

193 855 230 907 ut
254 843 414 908 Ovidium
450 867 487 909 re
520 867 600 908 vera
637 845 784 909 omnium
820 837 1039 929 epistularum
1075 857 1251 910 auctorem
1294 867 1368 910 esse

194 950 470 1036 comprobarent.
519 951 600 1029 Quo
636 973 679 1016 ex
711 952 823 1016 studio
848 952 1029 1016 nonnullae
1055 963 1150 1016 ortae
1175 966 1252 1016 sunt
1277 973 1369 1016 com·

194 1060 428 1136 mentationes‚
468 1059 591 1146 quibus
631 1061 691 1123 viri
736 1058 828 1124 docti
876 1060 1097 1124 difficultates
1146 1060 1367 1148 gravissimas

194 1165 357 1231 similibus
381 1167 546 1251 exemplis
571 1188 589 1231 e
615 1167 820 1232 carminibus
853 1167 896 1232 ab
930 1167 1055 1232 Ovidio
1087 1167 1202 1231 exsule
1233 1168 1367 1252 scriptis

114 1332 119 1348 ,
193 1272 447 1359 diligentissime
473 1274 604 1338 collatis
628 1274 786 1338 tollerent
809 1286 844 1338 et
867 1274 951 1338 alias
975 1296 1112 1360 quoque
1136 1295 1190 1338 res
1225 1294 1368 1338 consen-

192 1381 316 1445 tientes
340 1382 427 1444 inter
452 1381 613 1466 epistulas
638 1393 672 1445 et
695 1382 846 1447 carmina
869 1382 902 1444 in
919 1380 1030 1446 Ponto
1055 1383 1193 1467 scripta,
1218 1402 1306 1467 quae
1323 1381 1367 1444 ad

193 1499 301 1552 artem
326 1489 501 1552 metricam
525 1501 558 1552 et
582 1489 840 1574 prosodiacam‚
873 1489 917 1552 ad
942 1490 1078 1554 dicendi
1102 1509 1212 1575 genus
1238 1501 1271 1553 et
1295 1510 1368 1552 sen·

194 1596 375 1659 tentiarum
399 1596 676 1682 locutionumque
701 1597 868 1660 rationem
892 1609 926 1660 et
950 1597 1100 1661 colorem
1126 1607 1284 1681 spectant
1308 1596 1369 1660 ad·

194 1701 331 1767 ferrent.
390 1703 471 1779 Qua
518 1705 550 1767 in
591 1726 627 1768 re
673 1716 810 1789 praeter
851 1703 1182 1788 Eschenburgium1)
1223 1704 1369 1767 maxime

193 1811 354 1875 laudandi
378 1810 649 1876 sunt-Antonius
673 1824 707 1876 et
732 1810 941 1875 Woliramus
965 1810 1173 1897 Zingerle2).

302 1937 399 2001 Haec
416 1938 598 2001 hactenusl
616 1936 760 2022 Propius
777 1937 844 2001 iam
861 1937 1067 2001 accedamus
1084 1937 1129 2001 ad
1145 1936 1367 2021 propositum,

194 2066 262 2130 quo
299 2044 605 2130 in*persequendo
642 2045 707 2108 iam
745 2044 843 2108 nobis
880 2044 1047 2108 offeretur
1083 2044 1218 2109 occasio
1252 2063 1368 2107 omnes

193 2152 266 2216 illas
301 2153 491 2232 sententias
523 2152 576 2216 vel
612 2151 780 2237 probandi
816 2152 869 2216 vel
905 2151 1105 2225 damnandi3
1141 2162 1220 2214 ante
1255 2149 1367 2214 omnia

193 2260 296 2346 igitur
320 2281 409 2324 nunc
435 2259 532 2324 nobis
556 2260 727 2346 agendum
753 2272 804 2322 est
828 2259 872 2323 de
896 2258 1046 2344 epistulis
1071 2257 1156 2324 XVI
1180 2270 1214 2322 et
1239 2256 1367 2333 XVIII,

193 2379 230 2431 ut
254 2389 469 2453 quaeramus
499 2389 566 2454 quo
597 2369 669 2431 iure
700 2368 776 2431 illae
807 2368 840 2430 in
874 2367 986 2431 Ovidii
1020 2365 1224 2431 carminibus
1255 2366 1368 2430 locum

194 2475 379 2539 obtineant.
427 2476 480 2539 De
503 2476 619 2560 primis
643 2487 755 2538 autem
781 2475 999 2560 argumentis,
1032 2495 1122 2560 quae
1153 2487 1231 2537 ante
1256 2472 1369 2536 Lach-

195 2604 353 2646 mannum
378 2581 422 2646 ab
447 2580 633 2646 editoribus
663 2582 765 2646 allata
790 2594 883 2655 sunt,
909 2581 1000 2666 quod
1032 2582 1097 2644 hoc
1131 2580 1206 2644 loco
1239 2579 1366 2643 diserte

193 2711 260 2754 non
296 2690 427 2765 dIcam‚
469 2691 567 2753 venia
608 2690 707 2766 mth‚
750 2702 785 2752 ut
820 2710 939 2774 spero,
974 2710 1041 2751 non
1076 2687 1195 2751 deerit.
1254 2685 1368 2750 Lach-

194 2803 368 2879 mannusss)
394 2798 496 2883 igitur
520 2798 650 2861 ratione
675 2818 763 2882 quae
789 2816 896 2880 usque
921 2796 965 2859 ad
990 2795 1023 2858 id
1048 2807 1182 2879 tempus
1214 2792 1367 2857 adhibita

194 2916 267 2968 erat
298 2908 456 2991 neglecta
481 2927 499 2968 e
532 2903 730 2968 testimoniis
755 2903 799 2966 ab
824 2914 896 2967 arte
922 2902 1144 2989 grammatica
1168 2912 1202 2965 et
1227 2899 1367 2963 metrica

194 3012 308 3097 petitis
333 3012 375 3076 de
400 3011 551 3096 epistulis
568 3010 692 3074 Ovidio
716 3010 804 3073 ialso
828 3010 1009 3095 adscriptis
1034 3009 1161 3073 iudicat
1184 3021 1218 3072 et
1235 3007 1367 3094 gravis·

194 3120 279 3183 sima
303 3120 334 3182 in
360 3119 506 3183 medium
530 3120 664 3203 profert
688 3131 908 3204 argumenta,
934 3117 1056 3203 quibus
1087 3115 1250 3202 epistulas
1282 3114 1366 3181 XVI

196 3240 230 3290 et
253 3226 371 3291 XVIII
394 3224 438 3289 ab
456 3224 582 3292 Ouidio
599 3225 744 3309 scriptas
763 3246 828 3288 non
846 3247 921 3288 esse
938 3225 1172 3288 demonstrare
1195 3221 1366 3286 studebat.
1439 3291 1451 3310 .

196 3334 311 3419 Atque
335 3335 480 3418 primum
505 3354 581 3396 eum
606 3331 751 3396 offendit
776 3333 809 3395 in
834 3354 888 3418 ep.
905 3331 1001 3396 XVI.
1026 3354 1058 3395 v.
1076 3331 1129 3394 55.
1153 3328 1251 3395 Leda
1276 3332 1365 3395 etin

196 3442 317 3506 eadem
355 3463 408 3527 ep.
427 3465 458 3505 v.
488 3441 550 3504 150
585 3440 718 3507 Aethra
752 3442 869 3504 ultima
905 3439 1037 3526 syllaba
1070 3451 1239 3524 correpta.
1290 3438 1368 3524 Jam

197 3642 407 3652 ------.

304 3785 330 3851 1)
350 3781 481 3837 Εεοὶιουὺ.
507 3781 568 3835 Wie
593 3782 641 3834 hat
667 3781 737 3835 Ovid
762 3780 880 3835 einzelno
903 3779 1014 3833 Wdrter
1041 3778 1097 3831 und
1116 3777 1305 3830 Wortldassen
1333 3777 1368 3830 im

196 3875 281 3928 Verso
301 3871 462 3926 verwandt?
480 3870 508 3924 iu
526 3886 617 3939 progr.
635 3870 705 3924 Lub-
722 3869 879 3924 catharinei
900 3869 977 3923 1886.
1138 3856 1147 3868 ”

303 3963 331 4026 2)
351 3962 395 4015 W.
409 3961 487 4030 Zing.
507 3960 750 4029 Untersuchungon
763 3976 811 4013 aur
824 3957 1045 4024 Eshtheitsfrage
1067 3957 1115 4011 dor
1128 3955 1263 4010 Heroiden
1274 3956 1370 4022 (lvirls;

197 4051 339 4120 Ooniponti
355 4052 431 4105 1878.
453 4081 485 4090 -
506 4052 538 4104 A.
552 4050 636 4119 Zing:
663 4049 774 4103 Ovidius
794 4066 819 4102 u.
839 4064 859 4102 s.
879 4046 1037 4101 Verha'ltnis
1064 4063 1097 4099 au
1117 4047 1169 4100 don
1190 4032 1369 4114 Vorgdn'gern

196 4161 222 4198 u.
241 4141 449 4211 gleichzeiugan
468 4145 531 4195 rdrn.
548 4140 684 4206 Diuitem,
704 4138 767 4191 ibid.
791 4138 937 4192 1869--71,
957 4137 1031 4190 etin
1052 4135 1181 4202 ,kleinere
1201 4134 1294 4203 philol.
1315 4133 1368 4188 Ab·

198 4232 296 4287 hatnll.‘
317 4230 379 4284 ibitl.
396 4231 544 4298 1871-87,
563 4231 580 4282 4
599 4228 664 4282 fasc.

303 4321 331 4386 3)
351 4319 473 4373 Lachm:
494 4319 596 4387 scripta
615 4318 678 4373 inin.
697 4333 759 4387 pag.
774 4319 817 4372 56.
